3384 5025
727 480 948 547 ..17-

305 680 403 745 quam
435 681 542 744 neque
564 657 696 745 Polybii
718 681 824 745 nsque
846 659 1047 725 Artemidori
1069 682 1138 725 esse
1162 681 1204 724 ex
1226 658 1371 747 reliquiis

303 770 436 834 operum
465 770 577 813 eorum
605 747 743 813 seruatis
767 750 920 833 sequitur.
967 750 1081 836 Neque
1103 749 1346 814 Posidonium
1337 773 1371 814 ιιι

304 835 527 903 describendis
561 836 688 924 populis
731 838 775 903 ad
815 861 943 904 merum
991 840 1267 945 comparationem
1304 847 1371 903 tam

303 947 399 1013 saepe
423 949 520 1014 quam
544 925 712 992 Strabonis
736 938 903 994 auctorem
926 929 1104 994 recurrisse
1128 951 1170 993 ex
1192 929 1261 993 eius
1284 928 1371 1013 frag·

303 1016 421 1081 mentis
448 1016 496 1081 int
484 1014 656 1081 tellexeris.
700 1016 779 1081 Eius
801 1018 903 1103 igitur
925 1019 959 1083 in
981 1017 1044 1082 hoc
1066 1016 1149 1082 libro
1172 1019 1321 1083 auctores
1344 1019 1371 1082 si

301 1127 484 1190 pereanem,
529 1128 625 1170 nemo
668 1117 816 1192 superest
860 1107 923 1172 nisi
960 1106 1185 1192 Asclepiades,
1224 1107 1281 1194 qui
1319 1129 1371 1193 ap

304 1194 421 1263 Athen
434 1194 485 1258 XI
500 1218 530 1281 p.
541 1196 602 1262 501
614 1195 645 1277 d
662 1193 719 1259 ubi
734 1195 775 1260 de
788 1195 897 1261 fundis
910 1206 1096 1280 paterarum
1108 1196 1225 1281 agitur,
1235 1196 1371 1261 Massili-

303 1288 427 1349 ensium
438 1305 542 1349 mores
553 1286 825 1352 commemorauit.
841 1286 955 1372 Neque
966 1286 1052 1366 inde,
1065 1286 1174 1371 quod
1165 1308 1199 1349 m
1212 1286 1372 1371 periegesi

302 1373 428 1439 Τιιιιιιι
416 1374 525 1439 taniae
541 1374 582 1439 de
596 1373 724 1460 populis
736 1385 792 1439 ext
792 1398 829 1439 ra
780 1375 1074 1441 tTurdetaniam
1085 1374 1308 1440 habitantibus
1317 1375 1371 1461 agi

303 1463 484 1544 statuimus,
501 1462 679 1551 quidquam
697 1476 811 1529 eontra
825 1474 970 1529 nostram
987 1464 1224 1530 conclusionem
1239 1463 1371 1547 allicias,

303 1576 377 1618 cum
390 1575 501 1619 eorum
513 1574 619 1618 mores
627 1552 820 1618 brevissime
829 1563 986 1619 tractatos
997 1576 1066 1619 esse
1077 1554 1130 1619 vel
1139 1555 1216 1619 inde
1227 1552 1370 1640 colligas,

305 1640 392 1730 quod
415 1642 450 1707 in
474 1642 693 1728 descriptione
713 1642 907 1729 populorum
927 1644 1115 1711 Lusitaniae
1135 1643 1250 1709 obiter
1259 1644 1372 1708 Baste-

304 1732 385 1815 tani,
421 1753 505 1818 quae
536 1753 615 1817 gens
647 1734 682 1797 in
705 1732 906 1798 Turdetania
932 1732 975 1797 ad
999 1732 1108 1799 Gades
1131 1732 1225 1799 sedes
1248 1731 1371 1812 habuit,

304 1830 608 1904 commemorantur,
641 1831 678 1887 ut
703 1821 787 1886 hanc
820 1822 1031 1888 finitimarum
1060 1823 1207 1908 gentium
1230 1820 1372 1908 descrip-

305 1912 428 1977 tionem
460 1920 660 1976 contractam
688 1912 793 1997 operis
821 1911 1088 1977 addidamentum
1120 1911 1171 1976 uel
1194 1910 1329 1976 breuem
1352 1934 1372 1976 a

301 2001 467 2088 proposito
491 1999 723 2086 digressionem
746 2023 816 2067 esse
839 2011 895 2067 tuo
915 2002 989 2066 iure
1012 2002 1182 2066 conicias..

395 2090 418 2155 J
419 2113 472 2155 am
495 2090 538 2155 ad
557 2112 596 2155 ea
611 2091 731 2177 scripta
747 2092 816 2156 eius
836 2090 1041 2174 accedamus,
1065 2090 1182 2176 quibus
1197 2089 1250 2154 uel
1264 2099 1373 2176 poeta·

302 2202 376 2244 rum
392 2201 492 2265 opera
506 2180 738 2265 interpretatus
755 2188 804 2244 est
814 2179 867 2244 uel
877 2182 1091 2266 quaestiones,
1104 2202 1188 2267 quae
1204 2201 1246 2243 ex
1260 2202 1371 2244 eorum

302 2268 395 2333 libris
430 2267 774 2334 subnascebanturt
742 2280 774 2334 et
808 2280 859 2333 art
846 2270 927 2333 tiore
959 2268 1101 2355 quodam
1134 2267 1264 2334 uinculo
1297 2291 1371 2333 cum

301 2357 340 2423 lit
328 2358 420 2423 tteris
444 2360 637 2424 coniunctae
654 2368 756 2440 erant,
773 2356 906 2423 uberius
921 2367 1005 2423 tract
992 2360 1085 2426 tauit.
1124 2357 1233 2445 Atque
1249 2358 1372 2424 saeculi

303 2448 353 2515 sui
368 2470 491 2514 morem
508 2458 599 2515 secut
600 2471 638 2513 us
586 2448 756 2515 ttdoo
716 2457 820 2514 tunae
837 2448 890 2514 litt
877 2458 1129 2536 etrarumquest
1100 2448 1235 2514 studia'
1224 2448 1372 2554 inprimis

301 2539 343 2603 ad
367 2539 569 2604 Homerum
598 2533 653 2606 τὸν
685 2565 826 2628 ποιητην
858 2551 909 2604 ιιι
896 2537 985 2604 ttulit
1008 2548 1041 2604 et
1065 2538 1313 2604 commentarios
1337 2540 1372 2602 in

301 2627 487 2712 Ιιιιιιιιιι22)
527 2638 560 2693 ιι
594 2629 627 2692 in
661 2627 894 2714 Odyssoamw)
929 2629 1069 2713 scripsit,
1107 2649 1198 2714 quos,
1231 2648 1304 2692 cum
1336 2627 1372 2691 in

304 2717 456 2782 dissertt
409 2725 442 2781 ta
443 2719 529 2782 tione
551 2719 591 2782 de
611 2717 759 2782 Nestoris
780 2717 897 2803 poculo
914 2718 1091 2801 composita
1112 2740 1164 2803 ap.
1183 2715 1303 2781 Athen.
1319 2716 1371 2780 XI

302 2828 332 2890 p.
356 2809 450 2874 cesa
483 2805 522 2870 de
545 2805 723 2870 Machaona
754 2828 821 2870 non
852 2805 1021 2871 uulnerato
1054 2805 1160 2871 obiter
1182 2815 1306 2892 ageret,
1336 2829 1370 2870 se

303 2896 466 2960 editurum
489 2917 558 2960 esse
580 2894 741 2980 pollicitus
765 2917 833 2960 esse
857 2895 937 2959 mihi
959 2895 1098 2961 uidetur.
1140 2896 1233 2977 Quae
1257 2918 1301 2960 ex
1323 2897 1370 2960 eis

303 2994 487 3071 supersunt,
511 2983 614 3050 Lehrs
636 2983 657 3054 l.
682 3007 704 3050 s.
728 3007 759 3070 p.
783 2984 887 3071 442l3
911 2983 1048 3070 collegit,
1072 2985 1135 3050 nisi
1158 2985 1245 3073 quod
1267 2986 1369 3050 nemi·

301 3097 378 3139 nem
410 3073 517 3138 adhuc
548 3074 617 3140 fore
649 3096 753 3160 spere,
787 3075 853 3160 qui,
878 3097 962 3160 quae
986 3073 1074 3160 apud
1096 3073 1303 3139 Eustathium
1326 3074 1369 3139 ad

301 3170 340 3230 A
362 3165 427 3230 521
452 3185 482 3248 p.
508 3165 606 3246 1697,
629 3165 673 3232 50
696 3187 744 3250 sq.
769 3163 809 3228 de
832 3163 1046 3229 monitoribus
1068 3162 1204 3229 heroum
1228 3186 1369 3250 quorun·

287 3253 376 3318 ‘dam
400 3252 494 3318 docte
518 3275 687 3319 enarrasse
711 3253 842 3329 dicitur,
866 3254 897 3318 ei
912 3275 949 3318 re
964 3275 1043 3317 uera
1058 3251 1192 3334 tribuat,
1217 3253 1368 3339 quoniam

301 3342 384 3407 haec
416 3343 526 3408 omnia
563 3366 606 3409 ex
637 3341 816 3408 Ptolemaei
849 3342 1103 3427 Hephaestionis
1140 3341 1199 3407 filii
1236 3342 1369 3407 historia

300 3454 387 3496 noua
419 3433 670 3517 praestigiarum
704 3430 894 3517 plenissima
925 3430 1058 3496 fluxisse
1085 3430 1233 3496 Hercher
1263 3431 1369 3497 annal.

300 3519 496 3586 Fleckeisen
530 3520 634 3606 suppl.
658 3521 728 3606 Ip.
753 3523 816 3588 288
846 3521 1127 3606 argumentatione
1159 3521 1370 3625 sagacissima

300 3610 543 3676 demonstrauit
590 3609 758 3692 Quibus
750 3633 783 3674 ιιι
815 3608 931 3676 studiis
962 3609 1121 3696 quomodo
1143 3619 1293 3676 uersatus
1316 3611 1368 3694 sit,

299 3711 432 3786 propter
464 3697 719 3786 fragmentorum
749 3700 893 3785 inopiam
925 3722 991 3765 non
1023 3710 1073 3764 sat
1074 3700 1102 3764 is
1060 3698 1250 3772 tteluce
1297 3698 1369 3764 Hoc

300 3789 447 3855 uidemus
470 3811 545 3854 eum
561 3789 601 3855 de
618 3789 790 3876 significat
781 3811 856 3854 1one
879 3781 1068 3855 uocabuli‘'
1047 3815 1116 3874 αμα
1133 3788 1198 3877 (ap
1217 3789 1368 3858 Ammon.

398 4020 520 4092 )20.ιι
542 4027 631 4092 etym
653 4040 691 4077 m.
711 4042 738 4093 p
762 4023 821 4089 160,
841 4024 866 4075 4.

390 4095 436 4165 22)
459 4093 566 4148 οιι.ι
538 4099 566 4147 et
557 4112 627 4178 ym,
646 4111 684 4148 m
704 4113 731 4164 p.
751 4095 811 4160 146,
831 4096 866 4148 13
886 4100 915 4150 ct
935 4095 978 4148 La
995 4092 1143 4175 ltochium
1160 4086 1260 4148 ‘.Hom
1280 4093 1367 4148 Text-

301 4167 369 4222 krit
389 4172 430 4221 im
449 4159 564 4220 Alterfft
584 4184 610 4238 p.
630 4167 673 4233 bl,
692 4167 734 4220 94.
