3384 5025
748 468 971 533 ..10-

811 704 814 708 .
885 644 1060 713 ἐπαίδευσε
1069 645 1106 712 δὲ
1116 644 1199 731 (ml)
1210 640 1394 735 εἰςῬώμην

885 735 945 801 ἐπὶ
964 734 1150 843 Hopmp'ov
1172 740 1231 800 τοῦ
1252 732 1394 821 μεγάλου

884 823 942 889 καὶ
965 825 998 890 ἐν
1015 822 1240 912 Αλιξανόρείᾳ
1260 823 1321 889 ἐπὶ
1337 827 1395 889 τοῦ

885 910 1048 1000 δ[ευτέρου
1080 902 1269 1000 Εὐεργέτου]
1303 919 1394 979 Πτο-

884 1000 1020 1086 λεμαίου
1081 1001 1152 1080 νέος
1214 1001 1392 1089 διέτριψεν.

885 1088 1011 1179 ἔγραψε
1033 1088 1154 1157 πολλά.

322 1176 451 1259 Quibus
465 1178 658 1243 testimoniis
674 1177 762 1265 quod
779 1178 898 1245 addam
906 1178 1006 1245 schol.
1015 1178 1273 1243 Parthenianum
1290 1179 1343 1258 36,
1354 1180 1392 1260 21)

321 1289 387 1353 quo
418 1266 613 1333 Parthenius
644 1265 877 1353 Arganthonae
909 1267 1077 1333 historiam
1113 1290 1158 1332 ex
1188 1266 1393 1352 Bithyniacis

321 1356 525 1441 Asclepiadis
556 1355 701 1421 hausisse
726 1356 855 1436 dicitur,
887 1380 954 1422 non
976 1356 1094 1439 habeo,
1117 1379 1190 1421 cum
1213 1365 1286 1441 post
1308 1356 1393 1419 Her-

321 1446 455 1513 cherum
477 1445 591 1511 Herm.
615 1445 685 1511 XII
699 1469 730 1532 p.
748 1448 812 1513 311
835 1446 979 1532 aliosque
1001 1446 1187 1532 nuperrime
1202 1444 1241 1509 Ε.
1257 1444 1394 1509 Martini

320 1534 484 1622 Mythogr.
515 1534 632 1602 (3211
660 1539 678 1601 1
704 1558 736 1621 p.
760 1535 840 1600 LIV
867 1535 1026 1601 indiculos
1052 1535 1192 1600 fontium
1216 1532 1393 1598 Parthenio

321 1625 384 1711 ipsi
407 1624 613 1709 abrogandos
636 1646 705 1689 esse
729 1626 973 1690 accuratissime
996 1624 1275 1690 demonstraverit.

410 1713 514 1777 Natus
548 1715 649 1798 igitur
677 1723 725 1777 est
748 1713 961 1799 Asclepiades
988 1712 1175 1800 Myrleanus
1198 1712 1302 1777 altera
1323 1710 1392 1775 fere

322 1812 415 1889 parte
445 1803 577 1866 secundi
611 1825 640 1867 a.
670 1801 745 1867 Chr.
778 1826 809 1873 n
845 1803 974 1869 saeculi.
1003 1804 1138 1869 quenis
1170 1800 1392 1866 Alexandriae

322 1890 507 1958 Ptolemaeo
531 1891 623 1957 VH]
646 1912 723 1976 rege
745 1900 892 1957 uersatus
914 1901 977 1973 est,
1003 1892 1074 1979 qui,
1099 1913 1296 1977 quamquam
1317 1889 1391 1954 Ari-

322 1979 445 2047 starchi
468 1980 644 2065 discipulus
667 1981 736 2065 ipse
760 1978 877 2045 litteris
901 1979 1054 2063 uacabat,
1082 1990 1206 2062 tamen,
1236 1987 1392 2065 quaerat

321 2070 459 2135 saevitia
482 2080 514 2135 et
538 2068 742 2149 crudelitate,
767 2070 853 2134 uiros
869 2070 980 2136 doctos
997 2093 1040 2134 ex
1053 2069 1136 2135 urbe
1153 2068 1277 2155 expulit
1293 2078 1392 2154 atque

322 2160 415 2244 regni
449 2158 585 2243 gloriam
620 2157 748 2223 deleuit.
811 2160 929 2225 Postea
965 2160 1100 2244 Pompei
1131 2168 1237 2223 aetate
1267 2157 1392 2222 Romae

322 2248 446 2313 litteras
479 2248 589 2313 docuit
621 2258 653 2313 et
685 2249 720 2312 in
751 2247 867 2312 ultima
889 2249 1052 2333 Hispania
1079 2248 1169 2333 apud
1190 2246 1392 2311 Turdetanos

323 2348 427 2403 artem
455 2336 618 2422 professus
646 2348 705 2419 est,
736 2338 792 2423 qui
819 2338 917 2422 primi
940 2359 974 2402 se
997 2336 1039 2401 ad
1061 2337 1225 2402 Romanos
1248 2333 1391 2420 applica-

323 2434 439 2491 uerant
454 2447 629 2513 eorumque
644 2424 789 2511 linguam
802 2425 991 2514 litterasque
1003 2426 1253 2511 acceperant.²²)
1277 2426 1392 2511 Neque

322 2516 357 2580 id
379 2517 498 2580 mirum
521 2526 579 2599 est,
610 2517 697 2602 quod
721 2515 834 2602 procul
857 2539 877 2580 a
899 2516 1032 2582 sedibus
1054 2516 1221 2582 doctrinae
1245 2513 1393 2580 Graecae

267 2668 271 2676 ,
325 2605 570 2692 studiorumque
586 2605 769 2670 liberalium
785 2605 819 2668 in
842 2614 939 2688 terra,
962 2628 1046 2692 quae
1069 2605 1165 2691 paulo
1189 2615 1264 2669 ante
1286 2605 1322 2668 in
1344 2604 1392 2668 di-

324 2697 450 2760 cionem
482 2695 700 2760 Romanorum
734 2695 867 2759 redacta
900 2710 982 2769 erat,
1017 2695 1222 2780 grammatici
1259 2715 1393 2758 munere

323 2784 455 2851 functus
488 2796 545 2866 est,
579 2808 653 2850 cum
685 2783 741 2848 illa
774 2793 879 2850 aetate
907 2785 1122 2870 grammatica
1149 2785 1183 2847 in
1207 2783 1393 2868 prouincias

323 2883 513 2958 penetrante
546 2873 716 2940 nonnullos
749 2874 789 2938 de
823 2874 996 2939 notissimis
1031 2872 1216 2938 doctoribus
1243 2893 1392 2957 peregre,

323 2964 465 3026 maxime
488 2963 522 3024 in
546 2960 653 3025 Gallia
676 2973 788 3046 togata
811 2963 958 3029 docuisse
974 2963 1080 3027 Uarro
1097 2963 1185 3047 apud
1201 2960 1391 3026 Suetonium

324 3050 364 3114 de
391 3072 527 3135 gramm.
558 3072 583 3118 c.
609 3054 638 3120 3.
664 3072 694 3134 p.
723 3053 796 3132 102,
821 3053 842 3117 6
866 3053 954 3138 R.²³)
979 3053 1154 3117 memoriae
1178 3050 1392 3115 mandauerit.

325 3139 402 3203 Fuit
425 3140 532 3224 igitur,
565 3148 601 3204 ut
624 3149 763 3203 aetatem
786 3140 857 3204 eius
881 3143 1066 3205 accuratius
1090 3140 1288 3214 definiamus,
1316 3137 1392 3203 inde

326 3251 346 3292 a
377 3229 554 3314 posteriore
587 3227 708 3293 saeculi
741 3229 875 3293 secundi
906 3239 999 3314 parte
1035 3251 1138 3315 usque
1173 3229 1215 3292 ad
1248 3229 1391 3313 priorem

324 3327 451 3402 partem
488 3317 609 3381 saeculi
640 3317 751 3403 primi,
789 3340 853 3404 quo
889 3330 1034 3403 tempore
1071 3318 1248 3404 Dionysius
1280 3317 1393 3382 Thrax

322 3512 350 3565 p.
370 3493 451 3564 480s1
481 3499 550 3548 ante
569 3493 735 3549 Varronem
759 3499 788 3547 et
807 3502 877 3564 post
896 3495 1086 3563 Antigonum
1105 3494 1278 3564 Caryatium
1296 3491 1391 3548 luisse

324 3571 471 3635 exposuit,
502 3583 569 3618 cum
587 3569 621 3618 in
640 3565 784 3636 Stephani
802 3565 910 3633 indice,
935 3584 993 3636 quo
1013 3567 1248 3636 praeclarissimi
1265 3566 1392 3618 Nicaeni

324 3636 491 3690 secundum
519 3642 689 3707 temporum
718 3642 827 3691 seriem
848 3643 1070 3703 enumerantur,
1092 3644 1161 3691 ante
1181 3635 1392 3706 Asclepiadem

322 3707 420 3762 Attali
439 3708 461 3762 I.
482 3714 512 3762 et
530 3708 675 3762 Eumenis
695 3708 732 3761 Π.
754 3709 909 3777 aequalem
927 3708 1081 3775 laudetur,
1101 3714 1200 3779 priore
1221 3709 1344 3762 alterius
1366 3724 1390 3760 a.

325 3779 391 3833 Chr.
415 3798 444 3833 n.
465 3780 580 3834 saeculi
597 3786 682 3849 parte
702 3781 751 3833 vel
769 3797 832 3832 non
851 3785 894 3833 ita
913 3781 1008 3834 multo
1029 3788 1098 3835 ante
1119 3778 1260 3834 domuisse
1280 3796 1317 3832 ex
1335 3779 1391 3831 hae

323 3850 970 3994 &⁰²33Sdihliidlilhliluddiaa
992 3923 1041 3976 a.
1060 3921 1091 3974 Π
1111 3925 1126 3975 1
1147 3941 1174 3993 p.
1194 3921 1287 3975 xxv.

414 3994 457 4063 ²²)
479 3993 537 4048 eir.
566 4000 685 4063 praeter
713 3995 796 4049 locos
827 4013 844 4047 a
868 3995 994 4049 Lehrsio
1013 3995 1032 4047 l.
1053 4010 1076 4047 S.
1095 4007 1123 4078 p.
1143 3996 1195 4047 434
1216 4000 1246 4046 et
1264 3996 1392 4062 posteri-

325 4065 427 4117 oribus
444 4067 552 4120 allatos
563 4064 787 4120 Artemidorum
802 4085 846 4136 ap.
860 4066 959 4136 Steph.
976 4066 1046 4136 Byz.
1057 4084 1085 4118 u,
1101 4071 1195 4134 [papiu
1206 4083 1232 4134 p.
1243 4064 1340 4129 324‚15
1352 4063 1392 4116 M.

415 4138 458 4208 ²²)
480 4135 538 4191 Otr.
558 4137 590 4192 F.
610 4138 743 4193 Leonem
760 4131 902 4191 ‘Plautim
922 4133 1053 4191 Forsch.’
1073 4156 1100 4206 p.
1121 4137 1189 4202 28‚1.
