3384 5025
739 483 956 546 ,30-

305 662 519 747 grammatica
541 659 648 747 igitur,
663 659 697 723 in
720 668 830 745 partes
853 658 1027 723 distributa
1050 671 1108 736 est,
1133 681 1216 745 quae
1240 681 1276 723 re
1295 682 1375 724 uera

306 750 368 835 ipsi
385 772 450 814 non
466 759 541 834 apte
561 748 768 833 respondent,
788 748 846 813 sed
865 758 997 834 propter
1013 771 1183 813 numerum
1199 748 1373 834 quendam,

307 860 402 925 quem
425 850 539 903 auctor
561 836 603 902 ad
627 860 720 901 suum
743 835 916 902 arbitrium
937 838 1140 902 extrinsecus
1163 837 1276 920 elegit,
1301 860 1375 902 con·

306 929 438 993 stitutae
468 938 551 995 sunt.
598 928 690 1007 Quae
718 949 793 990 cum
817 927 864 991 ita
888 936 1009 1007 essent,
1038 928 1198 990 ternarius
1221 949 1375 991 numerus

306 1018 449 1081 maximo
477 1016 613 1081 idoneus
641 1024 724 1093 erat,
760 1016 816 1103 qui
843 1014 1067 1096 adhiberetur,
1101 1014 1188 1103 quod
1216 1015 1374 1101 plurimae

306 1129 358 1171 res
386 1104 538 1170 facillime
566 1105 600 1167 in
627 1103 748 1169 triades
776 1103 926 1168 distribui
954 1115 1098 1189 possunt.
1144 1104 1318 1170 Praeterea
1340 1107 1374 1169 in

309 1217 345 1259 eo
363 1195 541 1281 antiquitus
558 1194 639 1256 mira
655 1193 813 1279 quaedam
831 1194 985 1258 sanctitas
1001 1195 1118 1274 inerat,
1142 1200 1257 1258 utnon
1273 1193 1376 1259 solum

308 1307 358 1349 res
374 1283 504 1348 diuinae
520 1292 552 1347 et
567 1282 728 1347 humanae
744 1291 892 1347 ueterum
905 1281 1104 1347 Graecorum
1115 1292 1147 1347 et
1158 1283 1376 1347 Romanorum

308 1372 488 1437 secundum
525 1394 599 1435 eum
637 1369 922 1457 distinguerentur,
930 1372 974 1457 ⁶⁹)
1012 1371 1071 1436 sed
1109 1373 1206 1436 etiam
1243 1371 1377 1437 litterati

307 1460 452 1527 homines
475 1461 592 1525 mentis
615 1459 699 1525 bene
722 1483 820 1525 sanae
844 1482 882 1525 eo
907 1462 999 1547 quasi
1018 1483 1148 1526 ueneno
1163 1470 1375 1526 tentarentur.

308 1550 405 1632 Quod
438 1571 633 1636 quamquam
663 1550 729 1613 iam
761 1548 889 1614 Usener
917 1548 1074 1635 exemplis
1105 1552 1235 1636 egregie
1266 1549 1377 1615 electis

308 1640 553 1718 demonstrauit,
567 1648 675 1701 tamen
690 1639 822 1703 afferam
831 1639 921 1703 Ionis
931 1639 1094 1725 triagmos,
1107 1640 1377 1725 antiquissimum,

308 1737 464 1816 quantum
482 1728 589 1809 uideo,
605 1725 701 1791 huius
716 1729 845 1813 generis
855 1727 991 1808 librum,
1008 1750 1071 1815 quo
1088 1729 1196 1792 omnia
1211 1729 1245 1792 in
1258 1728 1377 1793 triades

309 1820 463 1903 disposita
511 1814 724 1902 singulaeque
768 1816 938 1895 monades
970 1817 1150 1902 descriptae
1191 1827 1266 1881 sunt
1304 1817 1377 1905 (cfr.

309 1906 511 1972 Lobeckium
534 1904 694 1990 Aglaoph.
719 1928 752 1991 p.
766 1908 853 1987 385).
902 1907 1015 1991 Neque
1043 1908 1144 1991 igitur
1171 1908 1289 1970 mirum
1318 1917 1376 1988 est,

309 1996 396 2083 quod
415 1994 625 2080 Asclepiades
641 1995 684 2059 ad
700 2006 803 2060 artem
819 2018 912 2060 suam
928 1995 1164 2059 inlustrandam
1180 1995 1241 2060 hoc
1262 1994 1377 2059 funda·

309 2097 452 2149 mentum
486 2084 655 2149 diuisionis
682 2106 711 2170 q.
728 2108 758 2149 u.
793 2084 855 2148 sibi
888 2083 995 2169 elegit.
1044 2084 1223 2169 Propterea
1255 2086 1282 2148 si
1313 2083 1377 2148 alia

309 2174 394 2239 illius
417 2174 496 2238 artis
519 2173 701 2258 fragmenta
724 2174 923 2259 inuestigare
944 2172 1157 2255 studebimus,
1181 2196 1292 2239 omnes
1307 2175 1377 2237 eius
1434 2194 1441 2201 ·

307 2273 416 2349 partes
446 2273 479 2327 et
508 2264 654 2327 notiones
684 2264 718 2326 in
749 2263 870 2327 triades
901 2263 1024 2327 diuisas
1051 2264 1153 2327 etita
1176 2273 1377 2349 comparatas

308 2374 393 2432 esse,
421 2361 456 2415 ut
483 2351 525 2415 ad
550 2360 704 2436 aetatem,
731 2375 795 2437 qua
818 2354 926 2416 animo
950 2363 1127 2437 conceptae
1150 2362 1181 2416 et
1205 2352 1247 2416 ad
1270 2351 1377 2417 lucem

310 2440 453 2529 prolatae
469 2462 538 2505 esse
550 2449 714 2526 putantur,
732 2440 892 2527 quadrent
905 2449 937 2505 et
948 2442 1067 2505 artium
1082 2440 1231 2530 Dionysii
1242 2440 1377 2505 Thracis

310 2544 343 2596 et
355 2531 573 2616 Tyrannionis
585 2531 742 2595 rationem
755 2531 899 2616 aliquam
911 2529 1063 2611 habeant,
1080 2530 1172 2595 nobis
1184 2530 1378 2597 sumendum

310 2632 366 2685 est.
409 2619 517 2706 Atque
541 2641 615 2683 cum
637 2629 750 2684 auctor
772 2618 826 2684 ille
849 2642 968 2705 magna
990 2621 1078 2704 apud
1101 2619 1252 2706 aequales
1275 2619 1379 2704 gloria

309 2733 385 2774 usus
432 2721 464 2772 et
510 2731 561 2772 ars
607 2710 676 2773 eius
718 2708 908 2774 florentibus
950 2705 1132 2773 litterarum
1176 2708 1379 2774 Graecarum

309 2798 507 2884 temporibus
524 2801 701 2882 composita
718 2798 769 2880 sit,
793 2797 962 2863 nonnullas
978 2799 1046 2861 eius
1061 2797 1213 2883 reliquias
1235 2798 1288 2862 hic
1311 2796 1377 2861 illic

309 2888 491 2952 iudetectas
514 2889 548 2950 in
576 2888 739 2971 farragine
769 2887 934 2952 doctrinae
962 2889 1195 2971 grammaticae
1222 2886 1377 2951 librorum

309 2978 517 3062 antiquorum
531 2975 634 3042 latere
650 2987 758 3039 nostro
770 2977 841 3040 iure
852 2988 1044 3061 exspectare
1056 2999 1233 3062 possumus.
1265 2976 1378 3040 Talem

309 3066 563 3150 fragmentorum
587 3064 877 3150 Asclepiadeorum
908 3064 1024 3131 molem
1056 3065 1136 3129 mihi
1159 3065 1279 3130 Sextus
1302 3065 1379 3129 Em·

308 3155 446 3242 piricus,
473 3154 640 3238 Plutarchi
668 3154 785 3220 sororis
812 3153 911 3236 filius,
939 3155 983 3220 M.
1003 3154 1161 3220 Antonini
1184 3153 1380 3240 aequalis⁶⁰)

308 3247 342 3308 in
358 3244 440 3309 libro
455 3243 609 3309 aduersus
625 3245 854 3330 grammaticos
870 3245 1051 3329 conscripto
1063 3243 1222 3329 praebere
1238 3244 1378 3323 uidetur,

309 3335 364 3419 qui
396 3333 495 3398 altero
525 3356 654 3420 quoque
684 3333 828 3399 eiusdem
863 3333 938 3398 libri
974 3332 1044 3397 loco
1078 3335 1226 3398 ternarii
1250 3334 1377 3397 numeri

309 3424 563 3488 amantissimum
587 3447 621 3487 se
645 3422 857 3507 praebuit.⁶¹)
897 3421 961 3501 Qui
985 3445 1058 3486 curn
1081 3422 1258 3508 philologos
1274 3422 1377 3485 insec-

391 3584 434 3650 ⁵⁹)
457 3580 499 3635 Of.
523 3581 693 3635 Usenerum
713 3599 788 3635 mus.
808 3581 863 3634 Rh.
883 3581 984 3634 LVIII
1003 3582 1074 3651 ista.
1096 3581 1220 3649 161l208.
1243 3581 1351 3646 321f62.

396 3651 430 3720 ⁶⁰)
452 3653 500 3706 Sic
520 3657 710 3723 nupperrimc
732 3653 759 3705 S.
778 3653 856 3724 Sepp
886 3653 1045 3723 ‘Pyrrhon
1064 3652 1204 3706 Studien'
1233 3671 1259 3721 p.
1276 3654 1325 3704 121
1346 3657 1377 3704 ct

310 3723 388 3778 Guil.
414 3722 560 3795 Vollgrali
595 3725 716 3793 Ephem.
741 3724 842 3793 philol.
868 3724 1055 3793 Francognll.
1093 3723 1196 3776 XXVI
1214 3743 1241 3793 p.
1262 3724 1311 3776 191
1332 3741 1376 3792 sq.

310 3794 346 3848 ad
361 3795 540 3861 Cssauboni,
562 3794 710 3861 (lassandi
733 3797 919 3864 aliorumque
939 3799 1122 3849 sententiam
1140 3799 1266 3859 reversi,
1287 3812 1376 3863 quam

309 3865 491 3920 reiciendam
510 3884 576 3921 esse
596 3867 752 3920 Fabricius
772 3867 849 3920 male
869 3872 998 3936 posteris
1018 3873 1217 3936 persuaserat,
1238 3872 1318 3918 recte
1339 3864 1375 3918 de

309 3938 392 3991 Sexti
413 3944 510 3992 aetate
530 3938 749 3992 iudicauerunt.

395 4009 431 4078 θ’)
461 4016 590 4071 Δίαιταν,
616 4014 810 4078 χειρουργιάν,
840 4013 1021 4080 φαρμακείαν
1049 4009 1064 4078 ξ
1088 4009 1122 4062 95
1150 4027 1177 4078 p.
1198 4009 1258 4072 620,
1287 4008 1376 4061 6-10

309 4079 474 4133 medicinae
502 4088 603 4150 partes
632 4098 698 4134 esse
728 4080 817 4146 dixit,
848 4099 936 4150 quam
966 4078 1148 4133 diuisionem
1177 4079 1214 4132 ad
1241 4078 1374 4132 medicos

309 4157 408 4202 sectae
433 4157 600 4220 empiricos,
626 4158 677 4222 qui
696 4152 943 4223 philosophorum
963 4157 1165 4222 scepticorum
1185 4151 1375 4220 disciplinam
