3384 5025
703 546 922 613 ...37-

280 724 320 789 de
352 722 521 790 uocabulis
550 722 602 789 uel
635 724 833 789 coniunctim
865 724 919 790 uel
949 724 1135 790 disiunctim
1166 726 1347 791 scribendis

280 814 428 903 plumbus
452 813 531 879 locis
554 814 789 899 disputauit.²⁰)
834 813 1044 900 Asclepiades
1067 815 1169 901 igitur
1191 838 1240 898 ea,
1264 837 1347 902 quae

280 905 415 969 maiores
439 903 627 989 singillatim
651 905 918 989 excogitauerant
932 915 964 969 et
980 914 1171 987 statuerant,
1195 906 1229 969 in
1252 928 1347 970 usum

280 1017 372 1059 suum
401 992 562 1059 conuertit
591 1015 812 1079 conuersaque
838 995 882 1059 ad
908 994 1028 1058 mirum
1056 994 1135 1058 artis
1162 994 1346 1059 1111101111-
1379 1001 1384 1007 '

279 1107 354 1149 nem
386 1084 522 1169 optauit.
567 1083 637 1148 Iam
669 1083 711 1148 ad
743 1084 876 1148 tertiam
905 1092 1030 1169 partem
1062 1084 1164 1169 partis
1196 1086 1347 1170 propriae

279 1171 513 1240 transeundum
536 1184 593 1239 est.
651 1172 822 1237 Genuinae
851 1194 1019 1259 puraeque
1046 1174 1235 1257 graecitatis
1258 1172 1346 1259 leges

280 1272 346 1327 tres
369 1262 463 1327 Sexti
487 1262 612 1327 auctori
636 1285 706 1327 esse
730 1262 895 1344 uidemus,
924 1262 1042 1347 quibus
1065 1262 1230 1349 Tyrannio
1253 1286 1347 1348 quar·

280 1363 347 1416 tam
371 1350 516 1439 ἱστορίαν
539 1350 719 1431 adiecitll)
764 1352 849 1416 Nam
872 1374 944 1415 eam
972 1352 1174 1417 extrinsecus
1201 1350 1347 1417 additam

280 1463 384 1527 neque
409 1464 483 1506 cum
506 1440 609 1505 tribus
632 1440 704 1519 illis,
734 1450 814 1526 quas
837 1442 1107 1523 enumerauimus,
1131 1443 1251 1507 artiore
1270 1464 1347 1527 quo-

281 1532 360 1595 dam
378 1529 509 1594 uinculo
533 1531 741 1595 coniunctam
764 1552 832 1595 esse
857 1530 933 1595 inde
960 1531 1119 1617 sequitur,
1150 1531 1238 1619 quod
1259 1532 1348 1617 apud

279 1621 506 1707 grammaticos
534 1620 696 1684 Romanos
730 1628 761 1683 et
787 1620 1025 1701 Herodianum,
1061 1621 1116 1706 qui
1147 1620 1228 1685 falso
1259 1620 1348 1685 illam

282 1708 606 1797 quadripartitionem
639 1707 680 1773 ad
713 1708 978 1795 orthographiam
1010 1710 1230 1775 definiendam
1257 1710 1347 1775 adhim

279 1799 409 1883 buitli)
433 1821 563 1886 semper
586 1808 736 1885 quartum
759 1798 865 1864 locum
881 1797 1006 1863 obtinet
1029 1801 1119 1865 etin
1143 1809 1239 1886 etym.
1255 1823 1298 1868 m.
1314 1822 1346 1865 u.

280 1886 372 1979 φῄις,
404 1890 495 1954 cuius
524 1900 638 1953 auctor
665 1910 800 1973 prauam
828 1888 1007 1954 Herodiani
1033 1890 1192 1955 rationem
1219 1899 1347 1954 secutus

280 1989 340 2060 est,
364 1977 390 2043 si
414 1978 529 2044 ceteris
553 1977 679 2063 legibus
706 1976 788 2042 nihil
813 1977 929 2062 profici
961 1987 1083 2064 potest,
1114 1980 1265 2063 usurpari
1292 2000 1347 2043 cx-

279 2068 397 2153 pressis
414 2066 522 2133 verbis
547 2067 676 2138 dicitur.
723 2066 886 2148 Quoniam
904 2067 1003 2153 igitur
1018 2077 1093 2132 anto
1107 2068 1348 2154 Tyrannionem

280 2156 364 2221 hano
380 2157 586 2243 partitionem
603 2157 820 2243 excogitatam
839 2179 910 2221 esse
926 2158 1092 2236 euicimus,
1115 2157 1347 2222 inueniendum

281 2257 338 2328 est,
363 2257 435 2331 post
458 2270 554 2333 quem
577 2248 752 2313 terminum
776 2270 805 2333 q.
822 2269 853 2311 u.
870 2247 1047 2331 composita
1062 2247 1112 2310 sit.
1148 2246 1257 2333 Atque
1272 2270 1348 2312 cum

281 2344 312 2399 et
323 2335 473 2421 analogia
485 2347 517 2401 et
529 2335 690 2401 anomalia
701 2336 770 2401 siue
783 2335 981 2401 consuetudo
994 2335 1035 2400 ad
1048 2336 1260 2421 graecitatem
1271 2336 1348 2401 defi-

280 2424 433 2490 niendam
449 2435 681 2511 proponantur,
705 2426 854 2491 doctrina
869 2424 1005 2490 debetur
1021 2426 1051 2489 ei
1066 2427 1174 2509 aetati,
1199 2449 1266 2514 qua
1281 2448 1348 2491 cer-

368 2619 403 2692 10)
425 2619 482 2675 011.
518 2622 718 2676 Ribbachium
755 2623 800 2677 De
837 2623 1007 2678 Aristarchi
1044 2622 1247 2677 Samothracis
1284 2629 1347 2677 arte

283 2697 478 2763 grammatica
498 2695 567 2748 1883
585 2713 612 2764 p.
634 2697 668 2748 10
687 2714 729 2765 sq.

368 2780 403 2852 11)
426 2782 649 2850 Coniecturam,
676 2803 751 2854 quae
775 2785 849 2838 mihi
874 2782 994 2855 quidem
1013 2801 1076 2836 non
1095 2788 1199 2853 inepta
1217 2782 1348 2851 uidetur,

280 2851 307 2906 h.
327 2853 345 2906 l.
366 2854 520 2908 subsiciuo
540 2855 643 2910 studio
663 2857 822 2909 attulerim.
860 2856 956 2910 Recta
975 2860 1056 2909 enim
1076 2854 1263 2910 consuetudo
1281 2873 1348 2910 uer-

280 2925 387 2978 borum
408 2925 535 2980 duorum
555 2928 679 2981 exlccis
693 2927 826 2993 Homeri,
847 2926 980 2993 Pindari,
999 2927 1220 2997 Xenophontis
1240 2932 1259 2980 i.
1274 2945 1298 2981 c.
1313 2945 1349 2981 ex

280 2995 408 3050 historia
436 3003 543 3067 quarta
570 2998 736 3052 secundum
764 2999 990 3070 Tyrannionem
1018 3003 1193 3070 graecitatis
1221 2999 1288 3069 lege
1316 3004 1349 3052 111

282 3066 399 3122 duobus
427 3067 604 3140 fragmentis
631 3070 838 3140 Tryphoniani
869 3074 933 3141 περὶ
962 3071 1126 3141 inrumpet]
1153 3071 1223 3124 lrbrr
1252 3077 1350 3139 quinti

228 3163 232 3167 ·
281 3139 310 3206 (a
332 3179 338 3192 .
357 3137 495 3194 Ammon.
521 3142 556 3196 dc
582 3139 642 3195 diii.
667 3160 715 3212 up.
735 3144 770 3196 40
794 3148 824 3196 et
848 3145 900 3197 146
923 3142 959 3196 U.
979 3165 1015 3190 :
1035 3139 1069 3199 11.
1095 3143 1145 3195 105
1170 3146 1200 3195 et
1224 3143 1276 3196 106
1299 3141 1349 3212 U.)

280 3158 421 3276 eflicitur,
447 3229 514 3266 cum
537 3218 570 3266 in
596 3212 712 3268 duolrus
738 3215 805 3267 aliis
828 3212 1007 3285 fragmentis
1032 3218 1110 3278 eiuS,
1140 3231 1215 3282 quae
1235 3213 1351 3266 Uelsen

279 3283 475 3352 probabiliter
509 3283 605 3338 eidem
637 3289 720 3354 operi
753 3286 891 3338 attribuit
922 3285 979 3355 (ap.
1007 3285 1145 3338 Ammon.
1173 3283 1200 3336 d.
1230 3282 1291 3337 (1111.
1320 3303 1348 3336 u,

278 3371 305 3423 p.
321 3355 372 3407 140
392 3359 430 3406 et.
444 3356 495 3408 149
509 3354 545 3408 U.
559 3379 594 3424 ς
609 3354 641 3408 11.
657 3357 707 3409 107
728 3362 757 3410 ct
777 3357 829 3410 108
842 3355 902 3426 U.),
923 3361 1074 3425 genuinus
1093 3357 1256 3408 uerborum
1274 3373 1350 3408 usus

279 3424 445 3478 secundum
465 3427 560 3480 solam
581 3426 741 3480 dialectum
755 3429 897 3481 Doricam
916 3434 946 3481 et
959 3426 1092 3480 Atticam
1110 3431 1129 3480 1.
1144 3445 1168 3480 e.
1183 3425 1350 3480 seeundum

280 3490 432 3562 συνήθειαν
460 3496 610 3552 definitur.
647 3499 694 3552 En
721 3499 814 3553 habes
844 3498 981 3553 ordinem
1010 3504 1108 3569 operis
1129 3498 1349 3569 Tryphoniani:

279 3573 313 3619 ut
341 3572 447 3637 quinto
475 3568 552 3623 libro
571 3571 677 3637 uerba,
708 3588 796 3640 quae,
825 3590 899 3624 num
922 3588 997 3642 puro
1019 3571 1192 3639 Graecoque
1217 3575 1351 3624 sermoni

281 3644 349 3708 apta
378 3645 493 3707 essent,
520 3659 556 3694 ex
580 3642 707 3695 historia
728 3644 980 3713 cognoscebatur,
1004 3646 1161 3707 tractauit,
1181 3646 1224 3694 ita
1243 3650 1350 3712 quarto

281 3709 316 3761 de
329 3711 432 3765 uerbis
447 3729 483 3764 cx
497 3713 680 3783 etymologia
693 3713 917 3782 percensendiS,
937 3718 1027 3766 tertio
1042 3713 1077 3766 de
1091 3715 1202 3778 uerbis,
1223 3731 1351 3782 quorum

280 3799 354 3834 usus
374 3781 411 3834 ad
421 3784 567 3836 normam
581 3784 810 3839 consuetudinis
827 3784 1027 3853 derigebatur,
1048 3784 1181 3838 secmrdo
1197 3784 1233 3837 de
1247 3787 1351 3838 uerbis

281 3869 316 3904 ex
343 3854 481 3924 analogia
508 3855 678 3909 iudicandis
708 3861 777 3926 egit.
826 3856 942 3922 Quibus
971 3861 1156 3926 praemissus
1185 3861 1250 3910 erat
1275 3857 1352 3910 liber

279 3927 402 3993 primus,
423 3943 481 3994 quo
501 3933 722 3997 grammaticos,
744 3932 795 3997 qui
815 3933 904 3982 antea
924 3927 960 3980 de
978 3933 1142 3996 graecitate
1156 3932 1350 3997 scripserant,

280 4001 452 4066 percensuit
466 4014 628 4067 eorumque
643 4004 810 4052 sententias
824 4003 1010 4069 perstrinxit,
1030 3996 1061 4051 id
1080 3997 1161 4068 qued
1174 4003 1351 4068 saepissime

280 4071 367 4190 idnitio
382 4085 507 4138 eperum
520 4069 727 4125 technicorum
740 4069 854 4124 iactum
864 4089 931 4124 esse
940 4071 1149 4124 Reitzenstein
1159 4070 1178 4125 l.
1189 4087 1212 4123 1.
1222 4089 1250 4141 p.
1263 4071 1323 4137 302,
1336 4073 1350 4124 1

303 4142 392 4192 ocuit.

368 4227 405 4300 11)
425 4228 644 4284 v..Usenerum
663 4231 681 4285 l.
702 4249 724 4285 s.
744 4249 771 4302 p.
792 4233 852 4285 623·
