3384 5025
714 552 751 559 ...
800 516 933 579 43...

286 717 413 781 quoque
446 693 592 759 excultas
630 716 701 759 esse
738 714 868 757 necesse
905 694 961 778 sit,
997 695 1266 761 uerisimillimum
1300 708 1359 765 est.

287 784 361 865 Qua
393 807 436 848 ex
468 784 687 870 tripartitione
719 783 963 867 Tyrannionem
995 782 1176 868 profectum
1208 783 1358 852 πάθεσιν

286 873 407 938 additis
450 882 602 959 quattuor
640 872 866 957 prosodiarum
908 893 1030 955 genera
1073 873 1234 957 effecisse,
1274 898 1358 961 quae

287 962 402 1026 diuisio
426 963 541 1047 prioris
557 962 747 1025 memoriam
762 960 831 1025 fere
849 960 1022 1048 delenisset
1037 972 1069 1025 et
1085 972 1199 1047 postea
1214 966 1358 1029 maxims

285 1050 551 1138 percrebruisset,
571 1050 699 1115 Usener
714 1049 734 1114 l.
751 1071 823 1137 sp.
841 1052 885 1115 60
895 1057 905 1113 i
917 1072 963 1136 sq.
979 1052 1093 1134 paucis
1110 1052 1356 1118 demonstrauit.

286 1140 454 1205 Facillime
470 1142 572 1226 igitur
588 1140 790 1221 adducimur,
815 1148 852 1203 ut
866 1138 1097 1224 Asclepiadem
1113 1140 1201 1205 illam
1216 1142 1358 1207 triadem

286 1232 313 1295 si
340 1232 447 1293 minus
475 1252 495 1293 a
522 1253 572 1311 se,
600 1240 710 1293 tamen
739 1228 780 1292 ab
809 1228 872 1292 alio
902 1228 1043 1314 quodam
1071 1233 1283 1314 grammatico
1308 1234 1357 1296 in·

285 1328 417 1385 uentam
440 1320 475 1382 in
498 1318 704 1403 disciplinam
728 1340 818 1382 suam
841 1319 1005 1403 recepisse
1029 1340 1200 1384 sumamus.

376 1407 463 1471 Ecce
491 1409 608 1472 iterum
637 1407 678 1471 ad
705 1418 813 1493 partes
836 1416 952 1470 uocata
984 1416 1033 1471 est
1065 1410 1268 1493 grammatici
1296 1432 1357 1484 ars,

287 1520 368 1584 quae
402 1496 534 1583 quidem
566 1495 768 1571 adumbrari,
797 1518 863 1563 non
891 1497 1032 1583 exprimi
1060 1499 1171 1581 possit,
1216 1498 1287 1562 Iam
1315 1498 1358 1562 ad

286 1587 422 1651 alteram
445 1585 531 1650 illius
547 1588 652 1671 operis
675 1596 802 1670 partem
818 1584 1094 1671 progrediendum
1109 1597 1169 1669 est,
1194 1610 1259 1674 qua
1280 1588 1358 1651 inde

286 1699 305 1740 a
332 1685 427 1741 sexto
458 1674 541 1740 libro
570 1676 752 1739 litterarum
779 1674 962 1755 historiam,
996 1676 1023 1739 si
1050 1673 1125 1739 libri
1153 1678 1358 1762 inscriptioni

285 1765 364 1830 fides
388 1774 447 1847 est,
470 1786 636 1829 enarrasse
657 1764 794 1828 uidetur.
832 1764 925 1845 Quae
940 1774 1069 1829 exstant
1086 1766 1275 1850 fragmenta,
1302 1790 1357 1831 ex·

285 1854 400 1939 scripsi
422 1856 600 1939 paucisque
622 1853 807 1921 inlustravit

373 1943 432 2006 VI.
458 1942 614 2008 Suidasu.
629 1940 755 2031 Ορφείς
766 1968 808 2000 z
825 1941 962 2027 Hesych.
976 1942 1224 2011 Milonomatol.
1242 1966 1263 2028 p
1281 1946 1355 2023 157,

286 2035 303 2099 7
312 2056 356 2118 sq.
364 2032 427 2097 Fi:
438 2022 573 2141 'Oprpcrlg
581 2026 813 2120 Κροτωνιάτης
822 2030 997 2110 ἕποποίος,
1008 2018 1044 2097 δν
1052 2029 1245 2119 Πειστράτηι
1255 2038 1356 2099 συνεῖ-

284 2148 338 2188 ναι
360 2127 407 2209 τῷ
430 2148 571 2208 τοραννηι
590 2112 840 2210 Ἀσκληπιάδης
868 2119 969 2209 φησίν
996 2120 1029 2185 ἐν
1051 2124 1098 2207 τῷ
1126 2120 1211 2207 {honi
1237 2120 1356 2208 βιβλίῳ

285 2216 351 2277 τῶν
392 2216 635 2298 γραμματικῶν.
702 2208 928 2295 Λτιαετηρίδα
968 2207 1021 2290 (Α,
1050 2208 1271 2297 Δεκαετηρίας
1302 2210 1355 2293 Ε),

279 2290 511 2387 Ἀργοναοτικδ
543 2298 599 2366 καὶ
628 2293 711 2364 ίίλλα
739 2293 820 2363 τινά.
871 2298 965 2361 Haec
998 2320 1072 2362 cum
1104 2298 1161 2380 cis,
1197 2321 1280 2384 quae
1314 2297 1354 2363 de

285 2390 400 2453 studiis
424 2388 606 2452 Homericis
629 2388 840 2452 Pisistrateae
865 2388 981 2451 aetatis
1004 2387 1039 2451 in
1062 2387 1200 2452 loannis
1218 2382 1356 2468 Tuetzae

285 2478 362 2566 περὶ
374 2477 550 2565 κωμῳδίας
562 2476 797 2563 prolegomenis
808 2488 991 2560 narrantur,
1008 2477 1064 2564 qui
1075 2478 1228 2563 ampliore
1246 2500 1353 2564 quam,

285 2591 367 2653 quae
392 2589 480 2631 nunc
509 2577 625 2647 exstat,
659 2568 845 2631 recensione
874 2565 1069 2631 scholiorum
1101 2569 1136 2631 in
1159 2567 1355 2652 Dionysium

285 2657 445 2720 Thracem
469 2657 724 2741 conscriptorum
756 2679 832 2721 usus
857 2668 916 2737 est,
949 2657 995 2721 ita
1028 2657 1213 2738 cohaerere,
1245 2669 1282 2720 ut
1312 2657 1354 2720 ab

286 2747 401 2811 eodem
422 2755 553 2809 auctore
573 2744 752 2831 repetenda
768 2747 841 2826 sint,
866 2743 987 2808 Kaibel
1003 2744 1023 2808 l.
1040 2769 1064 2808 s.
1082 2767 1112 2830 p.
1131 2748 1170 2810 27
1198 2746 1361 2830 coniecitJ

285 2834 513 2920 Asclepiadem
535 2836 634 2920 igitur
656 2845 728 2920 post
752 2833 970 2898 Dieuchidam
989 2833 1266 2919 Megarensem83)
1290 2837 1355 2920 pri-

286 2947 373 2989 mum
396 2934 513 2988 testem
536 2946 686 2988 curarum
709 2923 960 2989 Homerioarum
976 2923 1139 2998 Pisistrati
1162 2945 1231 2988 esse
1254 2934 1355 2988 statu-

286 3013 405 3078 endum
429 3024 488 3077 est.
534 3013 649 3099 Neque
665 3035 744 3078 uero
761 3014 949 3078 accuratius
973 3010 1102 3077 definiri
1122 3023 1228 3098 potest
1243 3027 1355 3099 quate·

284 3125 344 3166 nus
381 3124 401 3165 a
432 3103 552 3167 Tzetza
587 3101 641 3167 uel
675 3104 779 3188 potius
819 3125 839 3167 a
874 3101 1052 3166 scholiastis
1087 3104 1165 3167 artis
1204 3103 1356 3189 Dionysii

284 3191 419 3256 Thracis
443 3192 513 3255 eius
536 3191 722 3256 auctoribus
746 3191 912 3256 adhibitus
935 3193 986 3257 sit.

372 3279 448 3344 Vll.
473 3279 610 3344 Achillis
634 3282 703 3344 vita
725 3280 820 3344 Arati
845 3283 898 3363 76,
922 3284 1002 3365 4sq.
1027 3280 1071 3342 M.
1088 3307 1131 3338 =
1148 3303 1179 3365 p.
1195 3282 1249 3360 52,
1273 3282 1354 3366 hsq.

283 3371 350 3436 W.:
374 3364 626 3460 Ἀσκληπιάδης
652 3369 688 3435 δὲ
714 3363 730 3435 δ
754 3364 944 3454 Μυρλεανὸς
967 3369 1001 3434 ἐν
1022 3375 1069 3456 τῷ
1093 3367 1127 3434 τά
1152 3368 1227 3476 nupt*
1252 3395 1355 3455 γραμ-

283 3464 430 3543 ματικῶν
463 3459 593 3546 Ταρσέα
621 3457 721 3547 φησὶν
748 3449 845 3526 αὗτδν
875 3458 1050 3546 γεγονέναι,
1083 3447 1152 3522 αλλ’
1184 3484 1221 3524 οι·
1249 3458 1354 3524 Σολέα

285 3545 497 3654 Καλληιοίχοτ
511 3549 707 3634 παλαίστρας
722 3542 837 3634 ἀνδρὸς
851 3545 908 3613 καί
920 3536 1117 3626 ἀξιοπίστου
1130 3546 1235 3612 Σολέα
1247 3546 1355 3633 λέγον-

284 3663 338 3715 τος
359 3631 455 3702 αοτίν
476 3636 637 3724 γεγονέναι
657 3631 713 3702 διδ
729 3634 852 3702 τούτων
872 3635 983 3722 (Anth.
999 3634 1068 3698 Pal.
1085 3635 1146 3716 IX,
1164 3638 1227 3702 507
1245 3661 1287 3693 Ξ
1304 3659 1355 3720 ep.

284 3727 323 3792 Ἠ
349 3723 454 3811 Wlh).
735 3773 744 3798 >
790 3772 845 3813 ι),
887 3777 894 3800 ι
983 3771 992 3795 ⁸
1044 3776 1051 3797 a
1199 3771 1207 3793 Ι

726 3780 786 3845 αλλ
822 3803 922 3843 omnm
946 3804 991 3866 μη
1017 3803 1054 3843 το
1078 3779 1309 3865 μελιχροτατοιν

372 3874 438 3934 τῶν
461 3868 571 3935 ἐπέων
595 3860 611 3935 δ
630 3863 746 3946 Σολεδς
769 3857 975 3951 ἀπεμάξατο.

284 3955 421 4021 Aratum
431 3958 531 4042 igitur
541 3957 720 4022 secundum
728 3954 958 4040 Asclepiadem
968 3954 1166 4033 Tarsensem,
1177 3955 1355 4018 secundum

373 4131 407 4202 83)
430 4131 488 4187 On.
514 4133 715 4188 Ritscheliunr
736 4132 844 4203 Opusc.
866 4132 889 4195 I,
913 4150 941 4201 p.
960 4132 995 4183 53
1015 4148 1057 4199 sq.
1079 4136 1108 4183 et
1128 4130 1354 4184 Wilamotzium

206 4273 209 4277 Α
286 4203 382 4257 ‘Hom
403 4203 534 4259 Unters.’
554 4224 581 4275 p.
601 4206 652 4259 239
673 4224 716 4274 sq.
