3384 5025
777 565 977 629 ,8.-

342 758 460 829 aarum
482 739 663 807 exhibitam
683 764 770 805 nune
790 740 964 825 neglegere
980 740 1067 823 licet,
1090 740 1201 805 Attalo
1218 746 1250 806 et
1267 740 1421 806 Eumene

344 832 365 901 i,
390 854 415 897 e.
440 830 551 895 Attalo
574 836 598 895 I.
624 842 657 896 et
679 830 825 894 Eumene
847 830 888 895 H.
913 829 1091 915 regibus11)
1115 831 1287 912 domitet,
1310 841 1346 893 ut
1369 831 1416 894 ita

345 920 467 1001 dicam,
492 921 640 985 analecta
663 920 776 983 critica
799 920 841 983 ad
865 940 964 1003 opera
986 918 1208 1005 philosophica
1231 920 1424 1005 scripsit,¹²l

341 1009 502 1119 posterior
530 1010 652 1074 Romae
680 1009 816 1094 Pompei
850 1018 958 1072 aetate
987 1010 1110 1073 litteras
1140 1008 1257 1073 docuit.
1304 1008 1416 1073 Verba

342 1096 568 1165 Απολλωνίου
589 1095 751 1187 μαθητής,
773 1119 856 1183 quae
873 1096 964 1161 initio
984 1097 1110 1182 glossae
1125 1096 1289 1183 leguntur,
1312 1095 1415 1161 Flaeh

344 1210 425 1255 mus.
449 1186 551 1251 Rhen.
576 1187 710 1251 XXXV
727 1208 758 1271 p.
784 1188 883 1267 2073
902 1187 1001 1271 priori
1018 1185 1206 1271 Asclepiadi
1222 1188 1420 1268 uindicauit,.

346 1299 420 1341 oum
436 1277 505 1341 eiua
520 1278 710 1361 magistrum
724 1274 932 1361 Apollonium
943 1274 1114 1357 Rhodium,
1129 1276 1163 1339 id
1179 1276 1266 1361 quod
1282 1277 1420 1361 egregie

345 1365 388 1430 ad
411 1376 592 1450 temporum
615 1366 773 1429 rationem
797 1364 946 1450 quadrat,
971 1387 1040 1429 esse
1057 1377 1213 1445 censeret,
1239 1388 1322 1450 quae
1339 1387 1416 1429 con-

344 1456 469 1518 iectura
492 1453 546 1519 uel
568 1452 643 1518 ideo
667 1455 809 1518 maxime
832 1454 1087 1536 commendatur,
1114 1455 1200 1539 quod
1224 1454 1420 1539 Apollonius

345 1544 515 1629 quisquam
540 1541 594 1607 uel
616 1566 731 1628 parum
754 1542 897 1622 illustris,
921 1543 976 1628 qui
994 1543 1125 1628 quidem
1141 1544 1296 1628 magister
1311 1552 1417 1628 poste·
1473 1597 1476 1601 .

344 1634 438 1696 rioris
470 1630 675 1717 Asclepiadis
709 1632 844 1717 cogitari
879 1632 994 1715 possit,
1029 1632 1171 1697 inueniri
1202 1655 1267 1697 non
1298 1642 1413 1717 potest.

346 1722 439 1803 Quae
471 1732 547 1785 ante
572 1718 804 1808 γραμματικός,
835 1719 922 1807 quod
956 1722 991 1784 in
1014 1731 1189 1807 utrumque
1212 1721 1309 1802 cadit,
1338 1721 1422 1784 inde

346 1809 387 1875 ab
411 1810 502 1874 initio
525 1832 629 1895 usque
651 1809 694 1874 ad
716 1803 859 1889 Νικαεύς
880 1809 1043 1893 leguntur,
1066 1833 1263 1897 quamquam
1285 1811 1420 1895 integra.

346 1921 415 1963 esse
443 1899 604 1976 uidentur,
626 1910 736 1963 tamen
760 1899 940 1963 certissima
961 1898 1158 1965 confusionis
1186 1898 1228 1963 ab
1253 1899 1416 1985 Hesyclrii

345 1989 556 2073 epitomatore
576 1987 728 2066 factaeiss)
752 1989 892 2071 uestigia
906 1986 1080 2074 praebent3
1105 1988 1185 2052 duos
1201 1988 1287 2053 enim
1305 1988 1413 2052 Ascle-

344 2078 458 2163 piades
474 2078 508 2140 in
524 2100 626 2141 unum
641 2078 688 2141 ita
707 2076 869 2158 conflauit,
893 2088 929 2142 ut
944 2076 1105 2162 Myrleam
1121 2079 1232 2162 ipsius,
1257 2079 1416 2141 Nicaeam.

345 2167 452 2253 gentis
492 2166 631 2251 patriam
671 2189 742 2231 esse
777 2175 940 2230 statueret.
996 2164 1091 2245 Quod
1129 2168 1170 2229 A.
1204 2166 1301 2230 Daub
1334 2166 1355 2231 l.
1389 2191 1412 2230 s.

345 2279 374 2341 p.
398 2258 474 2337 457,
499 2257 540 2320 47
565 2256 698 2319 minime
722 2253 865 2320 debebat
888 2254 1062 2341 neglegere
1085 2255 1128 2319 ad
1150 2255 1319 2321 Parthenii
1341 2255 1410 2320 bre·

345 2345 441 2407 viarii
480 2345 627 2409 amatorii
665 2345 805 2409 auctoris
843 2344 945 2407 vitam
989 2344 1151 2429 relegans,
1196 2347 1251 2430 qui
1290 2345 1418 2409 Suidae

344 2432 488 2511 Νικαεὺς
510 2426 533 2521 ἢ
555 2431 746 2520 Μυρλεανός
769 2442 828 2516 est,
853 2456 926 2497 cum
951 2432 993 2496 ad
1008 2432 1188 2497 Ascanium
1211 2435 1318 2499 lacum
1340 2435 1359 2501 i.
1384 2457 1415 2498 e„

344 2522 488 2588 Nicaeae
511 2531 606 2586 natus
628 2521 814 2608 Myrleanus
839 2523 920 2587 ciuis
943 2523 1049 2587 factus
1072 2525 1123 2588 sit.
1135 2525 1173 2606 1⁴)

434 2611 562 2693 Quibus
586 2610 740 2675 absolutis
764 2613 937 2676 redeamus
960 2613 1003 2675 ad
1027 2613 1200 2679 verbasci
1217 2607 1414 2692 adaletae

244 2705 246 2708 ’
344 2699 435 2790 ὀρείᾳ
463 2700 524 2766 ἐπὶ
551 2706 609 2767 τοῦ
636 2698 667 2766 d'
690 2699 901 2785 Πτολεμαίου
927 2701 998 2779 νέος
1026 2702 1205 2790 διέτριψεν.
1252 2702 1345 2783 Quae
1371 2723 1416 2765 ne

343 2791 512 2855 minimum
543 2789 674 2875 quidem
702 2789 744 2853 ad
771 2790 981 2875 posteriorem
1004 2788 1230 2876 Asclepiadem
1253 2791 1416 2876 quadrare

342 2881 379 2943 in
410 2880 581 2965 propatulo
616 2889 663 2944 est
695 2901 801 2965 neque
829 2903 870 2944 ea
901 2881 936 2942 in
963 2880 1104 2964 priorem
1133 2881 1250 2944 cadere
1274 2889 1330 2944 aut
1352 2879 1415 2944 hoc

343 2968 414 3032 loco
438 2967 479 3032 ab
505 2969 716 3052 epitomatore
740 2966 866 3052 glossae
889 2967 1184 3034 falscadditaesse
1201 2970 1297 3033 eade
1315 2991 1416 3034 causa

343 3057 503 3142 suspicari
527 3057 612 3138 lieet,
638 3057 723 3142 quia,
749 3067 905 3142 quantum
928 3057 1007 3139 uidi,
1025 3058 1211 3143 Hesychius
1226 3057 1416 3123 Ptolemaeo

342 3146 426 3232 Lagi
454 3145 520 3210 filio
548 3155 687 3231 excepto
711 3144 855 3232 Aegypti
879 3167 973 3227 reges
996 3169 1127 3231 perraro
1150 3149 1291 3211 numeris
1315 3149 1411 3233 signi-

341 3236 454 3300 ficavit
474 3235 515 3320 ¹⁶)
561 3235 648 3300 Nota
670 3235 771 3322 igitur
802 3233 832 3300 δ’
861 3244 1012 3320 corrupta
1035 3246 1083 3300 est
1116 3246 1148 3300 et
1179 3236 1279 3318 loeus,
1315 3260 1413 3322 quem

434 3381 468 3449 ¹²)
490 3377 547 3432 Otr.
577 3377 729 3431 Rchdium
765 3394 841 3431 mus.
879 3377 935 3430 Rh.
959 3377 1102 3431 'XXXIV
1129 3397 1156 3448 p.
1184 3380 1245 3444 571,
1266 3381 1281 3432 1
1304 3405 1338 3422 -=
1362 3379 1416 3432 Kl.

343 3450 425 3502 Schr.
445 3450 460 3501 Ι
478 3468 505 3520 p.
526 3451 585 3514 375,
606 3451 630 3501 1.

431 3520 467 3589 Π)
490 3519 548 3574 Cir.
568 3520 705 3573 Ionsium
723 3521 742 3573 l.
763 3537 786 3574 s.
805 3539 833 3590 p.
854 3520 913 3574 198.

431 3589 466 3659 1³)
487 3591 577 3643 Falso
597 3589 703 3644 Rohde
722 3608 798 3644 mus.
818 3590 874 3644 Rh.
894 3590 1027 3644 XXXIV
1045 3609 1072 3660 p.
1092 3593 1217 3657 571‚1=
1232 3592 1282 3644 Kl.
1303 3591 1418 3645 Sahal

340 3679 368 3744 p.
390 3662 468 3727 375‚1
491 3659 699 3715 confusionem
718 3661 872 3730 Hesychio
892 3667 951 3732 ipsi
971 3663 1118 3729 attribuit,
1139 3681 1227 3732 quem
1246 3664 1316 3717 illos
1337 3661 1416 3717 duos

344 3724 937 3857 ⁰vaiii⁰lgfacclirggifimiogbfflnmsgse
956 3733 1160 3857 pulgtepthani
1178 3735 1254 3789 locis
1268 3739 1417 3859 setllpitpri

529 3822 551 3856 r.
688 3841 696 3856 =.
829 3822 858 3857 u.
939 3822 954 3858 e
1063 3823 1078 3858 θ
1121 3822 1157 3858 ea
1221 3824 1278 3860 uae
1337 3823 1403 3860 are

341 3874 445 3928 Herm.
459 3804 507 3928 lxi
526 3893 553 3944 p.
574 3875 626 3927 370
646 3873 682 3928 ue
701 3874 758 3926 hoa
777 3875 868 3928 arturo
888 3875 1063 3946 disputatura.
1163 3846 1169 3872 ⁷
1203 3824 1221 3875 q

432 3944 466 4016 1ὃ)
488 3946 564 3999 Ecce
590 3945 684 3999 habes
703 3945 896 4001 Ptolemaeos
926 3965 943 4000 a
966 3947 1059 4000 Suida
1081 3952 1217 4004 numeris
1236 3952 1423 4020 insignitos:-

343 4019 519 4088 Πτολεμαῖος
538 4009 553 4068 ὁ
571 4017 679 4086 πρῶτος
698 4021 727 4070 et
747 4010 761 4068 ὃ
781 4021 910 4088 πέμπτος
928 4023 1059 4071 citantur
1072 4037 1100 4072 u.
1114 4015 1323 4089 Ἐρατοσθένης,
1344 4025 1418 4071 Πτο-

343 4090 457 4159 λεμαῖος
486 4082 501 4140 ὁ
530 4086 605 4146 ἕκτος
631 4105 660 4140 u.
687 4081 867 4156 Ἡρακλείδης
889 4083 1085 4160 Ὀξυριγχίτης,
1109 4093 1163 4144 ubi
1180 4093 1284 4146 verbis
1305 4089 1418 4145 additis

344 4151 373 4217 ὃς
403 4154 452 4218 τὰς
480 4153 549 4228 πρὸς
575 4153 714 4227 Ἀντίοχον
742 4159 823 4212 ἔθετο
851 4155 990 4226 συνθήκας
1015 4166 1135 4232 egregie
1160 4164 1335 4232 explicatur,
1365 4181 1425 4216 cur

342 4235 465 4285 numeri
484 4236 593 4285 ceteris
613 4231 689 4284 locis
708 4229 770 4285 lere
790 4247 910 4300 semper
928 4237 1016 4286 vitati
1036 4238 1107 4287 sint.
