3384 5025
727 560 946 624 ..45„

304 732 496 825 displicenda
552 734 766 822 σινιχρόιίσεν
819 726 1042 824 Ἀριστοφάνει
1072 742 1119 824 τῷ
1144 744 1371 824 γραμματικῷ.

305 826 459 913 Quisquis
502 824 705 911 Asclepiadis
748 846 844 909 opere
886 848 962 889 usus
1001 824 1206 896 Polemonem
1250 825 1375 890 Aristo-

304 915 419 1001 phanis
466 912 619 1002 Byzantii
661 914 832 1000 aequalem
877 936 946 978 esse
988 914 1065 978 huic
1106 916 1194 979 uitae
1237 914 1375 997 addidit,

305 1026 379 1069 eum
408 1014 440 1069 et
463 1004 684 1069 Ptolemaeum
708 1002 914 1088 Epiphanem
947 1003 1059 1067 eadem
1093 1012 1199 1068 aetate
1229 1004 1375 1069 floruisse

277 1119 281 1125 ·
305 1095 450 1179 negauit,
474 1117 558 1174 curn,
582 1094 610 1157 si
632 1115 744 1157 ueram
761 1093 808 1157 rei
825 1095 984 1157 rationem
1008 1093 1123 1178 exigis,
1147 1091 1375 1177 Aristophanis

306 1176 414 1273 ἀκμὴν
438 1194 470 1247 et
494 1184 580 1269 regis
604 1192 744 1247 aetatem
767 1184 802 1245 in
825 1182 914 1245 idem
937 1191 1065 1266 tempus
1087 1182 1233 1246 incidere
1256 1182 1375 1247 Suidas
1408 1244 1409 1247 ,

306 1292 432 1359 quoque
461 1295 491 1337 u.
516 1262 757 1360 Ἀριστοφάνης
784 1268 862 1350 But.
892 1270 1075 1335 tradiderit.
1131 1272 1247 1355 Neque
1274 1272 1377 1356 igitur

307 1360 536 1445 Asclepiadem
560 1361 749 1445 primarium
777 1370 959 1440 auctorem,
988 1359 1044 1423 sed
1072 1361 1255 1442 occasione,
1284 1370 1321 1425 ut
1344 1362 1376 1426 ei

306 1449 490 1532 uidebatur,
514 1450 622 1514 oblata
645 1448 686 1513 ad
710 1450 811 1515 uitam
835 1448 1056 1513 adornandam
1081 1446 1237 1513 adhibuit.

397 1539 456 1603 His
507 1562 549 1603 ex
598 1538 676 1603 locis
725 1538 889 1623 profectus
938 1538 1078 1622 primum
1128 1537 1241 1602 Rohde
1292 1561 1373 1603 mus.

306 1628 366 1693 Rh.
392 1628 546 1693 XXXIII
575 1648 604 1712 p·
631 1632 705 1708 167,
735 1626 879 1697 3--Kl
904 1626 995 1695 Schr.
1020 1630 1036 1688 Ι
1058 1648 1090 1712 p.
1116 1631 1195 1707 121,
1220 1633 1240 1692 3
1268 1626 1377 1691 Ascle·

307 1718 438 1803 piadern
466 1716 543 1781 alibi
568 1738 706 1803 quoque,
730 1716 788 1780 ubi
811 1717 881 1779 eius
903 1738 1021 1781 nomen
1044 1716 1109 1779 iam
1133 1738 1198 1780 non
1222 1725 1377 1800 exstaret,

307 1807 348 1871 ab
365 1805 532 1891 Hesychio
556 1805 737 1871 adhibitum
760 1828 829 1869 esse
854 1807 1035 1890 suspicatus
1058 1814 1117 1880 est,
1142 1805 1260 1869 deinde
1275 1806 1375 1869 Daub

307 1896 327 1963 l.
352 1918 376 1961 s.
396 1896 447 1959 Xl
462 1918 492 1983 p.
510 1897 574 1961 457
592 1918 638 1981 sq.
658 1918 730 1958 eum
743 1896 933 1979 primarium
950 1904 982 1959 et
998 1893 1202 1980 splendidum
1218 1894 1376 1980 Hesychii

198 1988 202 1995 ’
308 1997 472 2050 auctorem
510 1986 545 2048 in
579 1985 655 2049 uitis
693 1985 992 2069 grammaticorum,
1032 1984 1088 2069 qui
1121 1993 1196 2047 ante
1232 1984 1376 2068 Augusti

308 2085 446 2140 aetatem
474 2074 667 2154 floruissent,
697 2096 822 2137 summa
851 2095 926 2137 cum
953 2072 1180 2157 probabilitate
1203 2072 1377 2157 indagasse

308 2162 369 2227 sibi
391 2165 480 2228 uisus
504 2175 562 2228 est.
602 2162 698 2242 Quod
718 2186 759 2226 ne
780 2171 903 2227 temere
919 2162 1044 2243 credas,
1067 2160 1169 2225 multa
1184 2162 1375 2246 impediunt.

307 2252 422 2339 Neque
460 2254 546 2316 enim
583 2250 755 2333 habemus,
795 2252 882 2337 quod
923 2249 1151 2336 Asclepiadem
1191 2272 1295 2336 usque
1333 2252 1376 2315 ad

307 2342 447 2427 Augusti
463 2351 609 2427 tempora
624 2340 723 2405 fuisse
739 2363 914 2421 sumamus,
933 2362 1007 2404 cum
1022 2362 1095 2403 eum
1117 2338 1252 2425 Pompei
1268 2350 1378 2419 aetate

310 2430 430 2495 Romae
451 2430 558 2495 littera
579 2430 727 2495 docuisse
748 2452 846 2517 supra
863 2430 1228 2494 commemorauerimus.
1261 2430 1377 2517 Neque

307 2522 487 2586 notationes
521 2530 553 2585 et
584 2521 671 2584 vitae
705 2520 1007 2605 grammaticorum,
1042 2520 1097 2605 qui
1137 2531 1212 2583 ante
1247 2520 1376 2588 initium

310 2611 538 2694 imperatoriae
570 2610 684 2674 aetatis
718 2609 907 2691 floruerunt,
938 2608 1030 2672 aliter
1069 2617 1273 2693 comparatae
1301 2618 1378 2672 sunt

309 2723 408 2786 quam
425 2721 545 2778 corum,
571 2699 627 2784 qui
642 2709 756 2784 postea
772 2698 962 2782 suerunt,88)
986 2709 1022 2762 ut
1038 2697 1080 2760 ad
1095 2720 1195 2761 unum
1213 2707 1376 2761 auctorem

308 2811 417 2853 omnes
432 2787 632 2873 probabilius
646 2786 835 2852 referendae
850 2788 924 2852 sint.
957 2786 1133 2851 Praeterea
1144 2787 1241 2850 exeis
1253 2786 1379 2870 glossis,

308 2894 388 2964 quas
426 2876 525 2941 Daub
565 2876 750 2961 Asclepiadi
789 2876 986 2958 uindicauit,
1023 2874 1158 2953 Rhiani,
1196 2875 1378 2939 Alexandri

307 2967 434 3049 Milesii,
458 2967 676 3052 Tyrannionis
700 2966 831 3030 maioris
855 2967 942 3029 vitae
958 2965 1079 3030 rectius
1095 2987 1115 3028 a
1130 2963 1378 3029 Wachsmuthio

308 3055 419 3141 Symb.
444 3055 551 3141 philol.
576 3055 681 3119 Bonn.
715 3077 745 3140 p.
775 3057 837 3120 140
861 3078 908 3142 sq.
932 3055 1107 3140 Hermippi
1138 3053 1267 3139 Berytii
1299 3054 1378 3141 περὶ

307 3151 373 3211 triu
403 3145 437 3210 ἐν
470 3142 609 3234 παιδείᾳ
637 3142 898 3230 διαλαμψάνιων
926 3141 1050 3211 δούλων
1073 3145 1165 3228 operi
1188 3144 1378 3227 adsignatae

308 3245 391 3302 sunt.
452 3234 567 3318 Neque
606 3235 734 3298 omnino
777 3235 1005 3320 Tyrannionis,
1044 3233 1205 3295 Demetrii
1243 3233 1378 3314 Ixionis,

308 3321 493 3408 Tryphonis
524 3324 606 3388 uitas
641 3344 833 3407 componere
865 3323 980 3406 potuit,
1013 3343 1088 3384 cum
1119 3321 1165 3383 illi
1198 3343 1235 3384 eo
1269 3330 1378 3385 aetate

308 3415 447 3477 minores
470 3424 586 3477 essent.
632 3411 767 3476 (lautius
791 3413 890 3496 igitur
912 3410 1157 3496 procedendum
1180 3419 1236 3477 est.
1283 3408 1378 3488 Quae

308 3515 350 3566 ex
373 3500 577 3587 Asclepiadis
605 3522 702 3586 opere
730 3502 847 3565 hausta
874 3501 966 3584 srgm.
995 3499 1052 3562 VI.
1081 3497 1244 3584 leguntur,
1273 3501 1379 3584 magis

308 3590 547 3672 addidameuto,
572 3589 658 3675 quod
682 3591 807 3655 auctori
824 3589 930 3654 obiter
945 3587 1091 3654 adhibito
1108 3587 1255 3670 debetur,
1280 3611 1379 3674 quam

307 3679 415 3744 uerbis
450 3680 598 3764 primarii
632 3680 798 3764 scriptoris
832 3678 937 3743 allatis
970 3679 1087 3742 similia
1116 3687 1200 3759 sunt,
1233 3679 1267 3741 id
1292 3677 1379 3763 quod

309 3769 421 3833 eodem
460 3767 555 3832 modo
594 3767 689 3854 frgm.
724 3769 816 3833 Vlll.
857 3768 1014 3832 accidisse
1052 3790 1150 3852 supra
1184 3767 1376 3831 monuimus.

307 3856 482 3922 Praeterea
498 3859 616 3922 mirum
633 3868 690 3938 est,
708 3858 793 3943 quod
811 3857 865 3922 uel
880 3856 1080 3921 leuissimum
1095 3855 1255 3942 opinionis
1267 3854 1378 3919 Ascle-

308 3947 412 4031 piadis
446 3948 620 4028 uestigium
650 3947 737 4032 apud
769 3945 905 4010 Suidam
933 3969 965 4009 u.
990 3940 1131 4034 ’Ἄρατος
1162 3944 1376 4010 desideratur.

395 4087 430 4158 F⁸)
452 4086 509 4142 cfr.
540 4105 563 4142 e.
594 4107 621 4176 g.
648 4093 729 4143 uitas
754 4107 771 4142 a
794 4089 913 4142 Daubio
927 4088 950 4169 l.
971 4105 994 4142 s.
1014 4106 1041 4158 p.
1061 4088 1113 4168 457
1134 4091 1325 4140 enumeratas
1346 4091 1379 4166 et

309 4157 431 4212 Suidam
443 4178 472 4212 u.
479 4155 587 4222 Ἀπίων,
595 4165 722 4230 Ανιέρως
735 4153 749 4212 ὃ
762 4164 807 4211 aut
816 4155 1001 4222 Ἀπολλωνιος,
1013 4163 1168 4220 Διονυσιος,
1183 4152 1380 4227 Ἀλεξανὸρευς,

307 4223 509 4302 'Errquddrror
531 4227 697 4304 Χαιρωνειῗς,
715 4225 894 4301 Ἡρακλείδης
912 4224 1056 4289 Ποντικός,
