<?xml version="1.0" encoding="UTF-8"?>
<!DOCTYPE html PUBLIC "-//W3C//DTD XHTML 1.0 Transitional//EN"
    "http://www.w3.org/TR/xhtml1/DTD/xhtml1-transitional.dtd">
<html xmlns="http://www.w3.org/1999/xhtml" xml:lang="en" lang="en">
 <head>
  <title>
</title>
<meta http-equiv="Content-Type" content="text/html;charset=utf-8" />
  <meta name='ocr-system' content='tesseract 3.04.00' />
  <meta name='ocr-capabilities' content='ocr_page ocr_carea ocr_par ocr_line ocrx_word'/>
</head>
<body>
  <div class='ocr_page' id='page_1' title='image "./deasclepiademyr00muelgoog_0042.png"; bbox 0 0 3384 5025; ppageno 0'>
   <div class='ocr_carea' id='block_1_1' title="bbox 756 466 1094 551">
    <p class='ocr_par' dir='ltr' id='par_1_1' title="bbox 756 466 1094 551">
     <span class='ocr_line' id='line_1_1' title="bbox 756 466 1094 551; baseline 0.006 -14"><span class='ocrx_word' id='word_1_1' title='bbox 756 466 1094 551; x_wconf 49' lang='grc' dir='ltr'><strong>ι-40-ι,</strong></span> 
     </span>
    </p>
   </div>
   <div class='ocr_carea' id='block_1_2' title="bbox 331 636 1487 1267">
    <p class='ocr_par' dir='ltr' id='par_1_2' title="bbox 331 636 1487 1267">
     <span class='ocr_line' id='line_1_2' title="bbox 334 636 1487 731; baseline -0.001 -24"><span class='ocrx_word' id='word_1_2' title='bbox 334 638 570 725; x_wconf 79' lang='lat' dir='ltr'><strong>Quintilianus,</strong></span> <span class='ocrx_word' id='word_1_3' title='bbox 603 664 702 729; x_wconf 91' lang='lat' dir='ltr'><strong>quem</strong></span> <span class='ocrx_word' id='word_1_4' title='bbox 735 644 798 707; x_wconf 93' lang='lat' dir='ltr'><strong>duo</strong></span> <span class='ocrx_word' id='word_1_5' title='bbox 830 642 1013 727; x_wconf 87' lang='lat' dir='ltr'><strong>fragmenta</strong></span> <span class='ocrx_word' id='word_1_6' title='bbox 1030 641 1169 707; x_wconf 78' lang='lat' dir='ltr'><strong>‘artificii</strong></span> <span class='ocrx_word' id='word_1_7' title='bbox 1196 636 1399 729; x_wconf 76' lang='lat' dir='ltr'><strong>Asclepiadis</strong></span> <span class='ocrx_word' id='word_1_8' title='bbox 1484 725 1487 731; x_wconf 19' lang='lat' dir='ltr'><em>r</em></span> 
     </span>
     <span class='ocr_line' id='line_1_3' title="bbox 333 729 1398 817; baseline -0.002 -20"><span class='ocrx_word' id='word_1_9' title='bbox 333 755 478 797; x_wconf 89' lang='lat' dir='ltr'><strong>seruasse</strong></span> <span class='ocrx_word' id='word_1_10' title='bbox 495 730 602 796; x_wconf 89' lang='lat' dir='ltr'><strong>adhuc</strong></span> <span class='ocrx_word' id='word_1_11' title='bbox 616 732 768 815; x_wconf 76' lang='lat' dir='ltr'><strong>uidimuS,</strong></span> <span class='ocrx_word' id='word_1_12' title='bbox 784 733 959 797; x_wconf 89' lang='lat' dir='ltr'><strong>memoriae</strong></span> <span class='ocrx_word' id='word_1_13' title='bbox 972 732 1108 797; x_wconf 80' lang='lat' dir='ltr'>tradidit</span> <span class='ocrx_word' id='word_1_14' title='bbox 1118 732 1141 795; x_wconf 91' lang='lat' dir='ltr'><strong>I.</strong></span> <span class='ocrx_word' id='word_1_15' title='bbox 1154 729 1192 795; x_wconf 88' lang='lat' dir='ltr'><strong>O.</strong></span> <span class='ocrx_word' id='word_1_16' title='bbox 1203 732 1327 817; x_wconf 21' lang='lat' dir='ltr'><strong>VIII-3,</strong></span> <span class='ocrx_word' id='word_1_17' title='bbox 1340 735 1398 798; x_wconf 76' lang='lat'><strong>24:</strong></span> 
     </span>
     <span class='ocr_line' id='line_1_4' title="bbox 334 820 1400 908; baseline -0.001 -21"><span class='ocrx_word' id='word_1_18' title='bbox 334 821 417 887; x_wconf 81' lang='lat' dir='ltr'><strong>Cum</strong></span> <span class='ocrx_word' id='word_1_19' title='bbox 440 822 505 885; x_wconf 92' lang='lat' dir='ltr'><strong>sint</strong></span> <span class='ocrx_word' id='word_1_20' title='bbox 529 830 636 885; x_wconf 88' lang='lat' dir='ltr'><strong>autem</strong></span> <span class='ocrx_word' id='word_1_21' title='bbox 659 820 770 886; x_wconf 87' lang='lat' dir='ltr'><strong>uerba·</strong></span> <span class='ocrx_word' id='word_1_22' title='bbox 784 822 929 908; x_wconf 86' lang='lat' dir='ltr'><strong>propria,</strong></span> <span class='ocrx_word' id='word_1_23' title='bbox 954 822 1043 904; x_wconf 86' lang='lat' dir='ltr'><strong>fieta,</strong></span> <span class='ocrx_word' id='word_1_24' title='bbox 1067 820 1236 897; x_wconf 89' lang='lat' dir='ltr'><strong>translata,</strong></span> <span class='ocrx_word' id='word_1_25' title='bbox 1261 822 1400 907; x_wconf 88' lang='lat' dir='ltr'><strong>propriis</strong></span> 
     </span>
     <span class='ocr_line' id='line_1_5' title="bbox 333 908 1398 999; baseline -0.001 -23"><span class='ocrx_word' id='word_1_26' title='bbox 333 912 388 976; x_wconf 88' lang='lat' dir='ltr'><strong>dat</strong></span> <span class='ocrx_word' id='word_1_27' title='bbox 411 910 604 997; x_wconf 90' lang='lat' dir='ltr'><strong>dignitatem</strong></span> <span class='ocrx_word' id='word_1_28' title='bbox 626 910 803 996; x_wconf 80' lang='lat' dir='ltr'><strong>antiquitas</strong></span> <span class='ocrx_word' id='word_1_29' title='bbox 931 908 1001 999; x_wconf 83' lang='lat'>[30]</span> <span class='ocrx_word' id='word_1_30' title='bbox 1049 910 1205 995; x_wconf 76' lang='lat' dir='ltr'><strong>Fingere,</strong></span> <span class='ocrx_word' id='word_1_31' title='bbox 1232 921 1268 975; x_wconf 93' lang='lat' dir='ltr'><strong>ut</strong></span> <span class='ocrx_word' id='word_1_32' title='bbox 1295 912 1398 997; x_wconf 89' lang='lat' dir='ltr'><strong>primo</strong></span> 
     </span>
     <span class='ocr_line' id='line_1_6' title="bbox 331 1000 1399 1085; baseline 0.001 -21"><span class='ocrx_word' id='word_1_33' title='bbox 331 1000 414 1065; x_wconf 87' lang='lat' dir='ltr'><strong>libro</strong></span> <span class='ocrx_word' id='word_1_34' title='bbox 454 1000 535 1075; x_wconf 85' lang='lat' dir='ltr'><strong>dixi,</strong></span> <span class='ocrx_word' id='word_1_35' title='bbox 576 1000 712 1065; x_wconf 85' lang='lat' dir='ltr'><strong>Graecis</strong></span> <span class='ocrx_word' id='word_1_36' title='bbox 750 1002 854 1085; x_wconf 86' lang='lat' dir='ltr'><strong>magis</strong></span> <span class='ocrx_word' id='word_1_37' title='bbox 892 1022 1082 1066; x_wconf 89' lang='lat' dir='ltr'><strong>concessum</strong></span> <span class='ocrx_word' id='word_1_38' title='bbox 1114 1011 1179 1080; x_wconf 87' lang='lat' dir='ltr'><strong>est,</strong></span> <span class='ocrx_word' id='word_1_39' title='bbox 1219 1002 1275 1085; x_wconf 91' lang='lat' dir='ltr'><strong>qui</strong></span> <span class='ocrx_word' id='word_1_40' title='bbox 1313 1002 1399 1066; x_wconf 87' lang='lat' dir='ltr'><strong>sonis</strong></span> 
     </span>
     <span class='ocr_line' id='line_1_7' title="bbox 333 1087 1399 1175; baseline -0.001 -20"><span class='ocrx_word' id='word_1_41' title='bbox 333 1092 432 1155; x_wconf 88' lang='lat' dir='ltr'><strong>etiam</strong></span> <span class='ocrx_word' id='word_1_42' title='bbox 456 1088 650 1175; x_wconf 86' lang='lat' dir='ltr'><strong>quibusdam</strong></span> <span class='ocrx_word' id='word_1_43' title='bbox 674 1099 707 1155; x_wconf 91' lang='lat' dir='ltr'><strong>et</strong></span> <span class='ocrx_word' id='word_1_44' title='bbox 729 1087 901 1154; x_wconf 88' lang='lat' dir='ltr'><strong>affectibus</strong></span> <span class='ocrx_word' id='word_1_45' title='bbox 924 1112 990 1155; x_wconf 93' lang='lat' dir='ltr'><strong>non</strong></span> <span class='ocrx_word' id='word_1_46' title='bbox 1013 1088 1245 1155; x_wconf 89' lang='lat' dir='ltr'><strong>dubitauerunt</strong></span> <span class='ocrx_word' id='word_1_47' title='bbox 1267 1090 1399 1154; x_wconf 89' lang='lat' dir='ltr'><strong>nomina</strong></span> 
     </span>
     <span class='ocr_line' id='line_1_8' title="bbox 333 1176 1400 1267; baseline -0.001 -23"><span class='ocrx_word' id='word_1_48' title='bbox 333 1190 447 1265; x_wconf 89' lang='lat' dir='ltr'><strong>aptare</strong></span> <span class='ocrx_word' id='word_1_49' title='bbox 468 1189 527 1244; x_wconf 87' lang='lat' dir='ltr'><strong>etc.</strong></span> <span class='ocrx_word' id='word_1_50' title='bbox 553 1229 560 1244; x_wconf 91' lang='lat'><strong>.</strong></span> <span class='ocrx_word' id='word_1_51' title='bbox 584 1229 590 1244; x_wconf 93' lang='lat'>.</span> <span class='ocrx_word' id='word_1_52' title='bbox 615 1232 622 1247; x_wconf 93' lang='lat'><strong>.</strong></span> <span class='ocrx_word' id='word_1_53' title='bbox 647 1176 716 1267; x_wconf 84' lang='lat'>[38]</span> <span class='ocrx_word' id='word_1_54' title='bbox 755 1179 927 1244; x_wconf 77' lang='lat' dir='ltr'>Translata</span> <span class='ocrx_word' id='word_1_55' title='bbox 950 1178 1082 1265; x_wconf 88' lang='lat' dir='ltr'><strong>probari</strong></span> <span class='ocrx_word' id='word_1_56' title='bbox 1103 1180 1166 1243; x_wconf 92' lang='lat' dir='ltr'><strong>nisi</strong></span> <span class='ocrx_word' id='word_1_57' title='bbox 1189 1180 1223 1242; x_wconf 92' lang='lat' dir='ltr'><strong>in</strong></span> <span class='ocrx_word' id='word_1_58' title='bbox 1246 1188 1400 1244; x_wconf 84' lang='lat' dir='ltr'><strong>contextu</strong></span> 
     </span>
    </p>
   </div>
   <div class='ocr_carea' id='block_1_3' title="bbox 224 1264 1400 1354">
    <p class='ocr_par' dir='ltr' id='par_1_3' title="bbox 224 1264 1400 1354">
     <span class='ocr_line' id='line_1_9' title="bbox 224 1264 1400 1354; baseline 0 -22"><span class='ocrx_word' id='word_1_59' title='bbox 224 1264 227 1270; x_wconf 62' lang='grc'><strong>“</strong></span> <span class='ocrx_word' id='word_1_60' title='bbox 333 1270 487 1333; x_wconf 88' lang='lat' dir='ltr'><strong>sermonis</strong></span> <span class='ocrx_word' id='word_1_61' title='bbox 510 1290 575 1332; x_wconf 90' lang='lat' dir='ltr'><strong>non</strong></span> <span class='ocrx_word' id='word_1_62' title='bbox 597 1278 747 1354; x_wconf 72' lang='lat' dir='ltr'><strong>possunt,</strong></span> <span class='ocrx_word' id='word_1_63' title='bbox 771 1268 823 1331; x_wconf 86' lang='lat' dir='ltr'><strong>IX</strong></span> <span class='ocrx_word' id='word_1_64' title='bbox 842 1272 922 1351; x_wconf 84' lang='lat' dir='ltr'><strong>1,o:</strong></span> <span class='ocrx_word' id='word_1_65' title='bbox 946 1268 1016 1331; x_wconf 88' lang='lat' dir='ltr'><strong>Nec</strong></span> <span class='ocrx_word' id='word_1_66' title='bbox 1039 1278 1151 1333; x_wconf 90' lang='lat' dir='ltr'><strong>uetera</strong></span> <span class='ocrx_word' id='word_1_67' title='bbox 1172 1278 1228 1333; x_wconf 89' lang='lat' dir='ltr'><strong>aut</strong></span> <span class='ocrx_word' id='word_1_68' title='bbox 1243 1268 1400 1333; x_wconf 89' lang='lat' dir='ltr'><strong>translata</strong></span> 
     </span>
    </p>
   </div>
   <div class='ocr_carea' id='block_1_4' title="bbox 232 1356 1480 3774">
    <p class='ocr_par' dir='ltr' id='par_1_4' title="bbox 306 1356 1402 2787">
     <span class='ocr_line' id='line_1_10' title="bbox 332 1356 1400 1443; baseline 0.001 -22"><span class='ocrx_word' id='word_1_69' title='bbox 332 1368 389 1423; x_wconf 87' lang='lat' dir='ltr'><strong>aut</strong></span> <span class='ocrx_word' id='word_1_70' title='bbox 411 1358 488 1422; x_wconf 88' lang='lat' dir='ltr'><strong>ficta</strong></span> <span class='ocrx_word' id='word_1_71' title='bbox 510 1356 613 1422; x_wconf 91' lang='lat' dir='ltr'><strong>uerba</strong></span> <span class='ocrx_word' id='word_1_72' title='bbox 634 1359 670 1422; x_wconf 91' lang='lat' dir='ltr'><strong>in</strong></span> <span class='ocrx_word' id='word_1_73' title='bbox 698 1357 898 1443; x_wconf 90' lang='lat' dir='ltr'><strong>incipiendo,</strong></span> <span class='ocrx_word' id='word_1_74' title='bbox 933 1357 1109 1439; x_wconf 89' lang='lat' dir='ltr'><strong>narrando,</strong></span> <span class='ocrx_word' id='word_1_75' title='bbox 1141 1358 1400 1443; x_wconf 86' lang='lat' dir='ltr'><strong>argumentando</strong></span> 
     </span>
     <span class='ocr_line' id='line_1_11' title="bbox 332 1446 1401 1534; baseline 0 -23"><span class='ocrx_word' id='word_1_76' title='bbox 332 1446 554 1512; x_wconf 87' lang='lat' dir='ltr'><strong>tractabimus.</strong></span> <span class='ocrx_word' id='word_1_77' title='bbox 565 1450 605 1531; x_wconf 74' lang='lat'><strong>⁸⁰)</strong></span> <span class='ocrx_word' id='word_1_78' title='bbox 644 1446 757 1511; x_wconf 91' lang='lat' dir='ltr'><strong>Verba</strong></span> <span class='ocrx_word' id='word_1_79' title='bbox 779 1448 889 1533; x_wconf 88' lang='lat' dir='ltr'><strong>igitur,</strong></span> <span class='ocrx_word' id='word_1_80' title='bbox 913 1469 995 1534; x_wconf 90' lang='lat' dir='ltr'><strong>quae</strong></span> <span class='ocrx_word' id='word_1_81' title='bbox 1018 1448 1284 1534; x_wconf 74' lang='lat' dir='ltr'><strong>interpretatione</strong></span> <span class='ocrx_word' id='word_1_82' title='bbox 1301 1448 1401 1533; x_wconf 87' lang='lat' dir='ltr'><strong>digna</strong></span> 
     </span>
     <span class='ocr_line' id='line_1_12' title="bbox 306 1530 1401 1626; baseline -0.001 -25"><span class='ocrx_word' id='word_1_83' title='bbox 306 1546 421 1617; x_wconf 81' lang='lat' dir='ltr'><strong>sunt,</strong></span> <span class='ocrx_word' id='word_1_84' title='bbox 454 1536 487 1600; x_wconf 91' lang='lat' dir='ltr'><strong>in</strong></span> <span class='ocrx_word' id='word_1_85' title='bbox 519 1545 630 1600; x_wconf 86' lang='lat' dir='ltr'><strong>uetera</strong></span> <span class='ocrx_word' id='word_1_86' title='bbox 654 1530 815 1625; x_wconf 78' lang='grc' dir='ltr'><em>(ἀρχαῖα),</em></span> <span class='ocrx_word' id='word_1_87' title='bbox 850 1537 928 1601; x_wconf 88' lang='lat' dir='ltr'><strong>ficta</strong></span> <span class='ocrx_word' id='word_1_88' title='bbox 951 1536 1208 1626; x_wconf 78' lang='grc' dir='ltr'><em>(πεποιημένα),</em></span> <span class='ocrx_word' id='word_1_89' title='bbox 1242 1537 1401 1601; x_wconf 89' lang='lat' dir='ltr'><strong>translata</strong></span> 
     </span>
     <span class='ocr_line' id='line_1_13' title="bbox 333 1624 1401 1715; baseline 0 -24"><span class='ocrx_word' id='word_1_90' title='bbox 333 1624 609 1715; x_wconf 73' lang='grc' dir='ltr'><em>(μετενηνεγμένα)</em></span> <span class='ocrx_word' id='word_1_91' title='bbox 639 1626 836 1690; x_wconf 90' lang='lat' dir='ltr'><strong>diuiduntur.</strong></span> <span class='ocrx_word' id='word_1_92' title='bbox 888 1625 1016 1708; x_wconf 76' lang='lat' dir='ltr'><strong>Quibus</strong></span> <span class='ocrx_word' id='word_1_93' title='bbox 1045 1650 1088 1689; x_wconf 86' lang='lat' dir='ltr'><strong>ex</strong></span> <span class='ocrx_word' id='word_1_94' title='bbox 1115 1624 1291 1711; x_wconf 88' lang='lat' dir='ltr'><strong>generibus</strong></span> <span class='ocrx_word' id='word_1_95' title='bbox 1314 1627 1401 1713; x_wconf 91' lang='lat' dir='ltr'><strong>quod</strong></span> 
     </span>
     <span class='ocr_line' id='line_1_14' title="bbox 332 1714 1400 1802; baseline 0.001 -23"><span class='ocrx_word' id='word_1_96' title='bbox 332 1716 408 1780; x_wconf 91' lang='lat' dir='ltr'><strong>ficta</strong></span> <span class='ocrx_word' id='word_1_97' title='bbox 438 1714 572 1779; x_wconf 91' lang='lat' dir='ltr'><strong>uberius</strong></span> <span class='ocrx_word' id='word_1_98' title='bbox 605 1714 761 1800; x_wconf 83' lang='lat' dir='ltr'><strong>explicari</strong></span> <span class='ocrx_word' id='word_1_99' title='bbox 788 1726 936 1802; x_wconf 89' lang='lat' dir='ltr'><strong>possunt,</strong></span> <span class='ocrx_word' id='word_1_100' title='bbox 969 1717 1086 1780; x_wconf 87' lang='lat' dir='ltr'><strong>iterum</strong></span> <span class='ocrx_word' id='word_1_101' title='bbox 1114 1714 1313 1797; x_wconf 79' lang='lat' dir='ltr'><strong>Quintdiano</strong></span> <span class='ocrx_word' id='word_1_102' title='bbox 1345 1716 1400 1780; x_wconf 93' lang='lat' dir='ltr'><strong>de·</strong></span> 
     </span>
     <span class='ocr_line' id='line_1_15' title="bbox 333 1805 1398 1892; baseline -0.002 -23"><span class='ocrx_word' id='word_1_103' title='bbox 333 1805 439 1887; x_wconf 88' lang='lat' dir='ltr'><strong>betur,</strong></span> <span class='ocrx_word' id='word_1_104' title='bbox 472 1805 528 1892; x_wconf 94' lang='lat' dir='ltr'><strong>qui</strong></span> <span class='ocrx_word' id='word_1_105' title='bbox 561 1826 670 1869; x_wconf 89' lang='lat' dir='ltr'><strong>eorum</strong></span> <span class='ocrx_word' id='word_1_106' title='bbox 702 1806 767 1870; x_wconf 89' lang='lat' dir='ltr'><strong>tria</strong></span> <span class='ocrx_word' id='word_1_107' title='bbox 797 1828 919 1890; x_wconf 83' lang='lat' dir='ltr'><strong>genera</strong></span> <span class='ocrx_word' id='word_1_108' title='bbox 950 1806 1062 1869; x_wconf 84' lang='lat' dir='ltr'><strong>statuit</strong></span> <span class='ocrx_word' id='word_1_109' title='bbox 1089 1805 1107 1870; x_wconf 91' lang='lat' dir='ltr'><strong>l.</strong></span> <span class='ocrx_word' id='word_1_110' title='bbox 1131 1828 1156 1868; x_wconf 89' lang='lat' dir='ltr'><strong>s.</strong></span> <span class='ocrx_word' id='word_1_111' title='bbox 1179 1805 1263 1869; x_wconf 88' lang='lat' dir='ltr'>VIII</span> <span class='ocrx_word' id='word_1_112' title='bbox 1286 1808 1318 1888; x_wconf 92' lang='lat'><strong>3,</strong></span> <span class='ocrx_word' id='word_1_113' title='bbox 1342 1807 1398 1872; x_wconf 88' lang='lat'><strong>36:</strong></span> 
     </span>
     <span class='ocr_line' id='line_1_16' title="bbox 333 1892 1400 1981; baseline 0 -22"><span class='ocrx_word' id='word_1_114' title='bbox 333 1894 379 1959; x_wconf 89' lang='lat' dir='ltr'><strong>Ut</strong></span> <span class='ocrx_word' id='word_1_115' title='bbox 401 1895 467 1958; x_wconf 89' lang='lat' dir='ltr'><strong>iam</strong></span> <span class='ocrx_word' id='word_1_116' title='bbox 490 1893 582 1957; x_wconf 89' lang='lat' dir='ltr'><strong>nobis</strong></span> <span class='ocrx_word' id='word_1_117' title='bbox 606 1915 727 1979; x_wconf 87' lang='lat' dir='ltr'><strong>ponere</strong></span> <span class='ocrx_word' id='word_1_118' title='bbox 751 1892 815 1959; x_wconf 88' lang='lat' dir='ltr'><strong>alia</strong></span> <span class='ocrx_word' id='word_1_119' title='bbox 839 1894 919 1978; x_wconf 88' lang='lat' dir='ltr'><strong>(scil.</strong></span> <span class='ocrx_word' id='word_1_120' title='bbox 941 1893 1044 1959; x_wconf 89' lang='lat' dir='ltr'><strong>uerba</strong></span> <span class='ocrx_word' id='word_1_121' title='bbox 1065 1895 1169 1975; x_wconf 87' lang='lat' dir='ltr'><strong>ficta),</strong></span> <span class='ocrx_word' id='word_1_122' title='bbox 1194 1917 1292 1980; x_wconf 90' lang='lat' dir='ltr'><strong>quam</strong></span> <span class='ocrx_word' id='word_1_123' title='bbox 1316 1917 1400 1981; x_wconf 92' lang='lat' dir='ltr'><strong>quae</strong></span> 
     </span>
     <span class='ocr_line' id='line_1_17' title="bbox 333 1976 1400 2070; baseline 0.003 -23"><span class='ocrx_word' id='word_1_124' title='bbox 333 1982 378 2047; x_wconf 92' lang='lat' dir='ltr'><strong>illi</strong></span> <span class='ocrx_word' id='word_1_125' title='bbox 402 1982 498 2047; x_wconf 90' lang='lat' dir='ltr'><strong>rudes</strong></span> <span class='ocrx_word' id='word_1_126' title='bbox 521 1976 667 2048; x_wconf 75' lang='lat' dir='ltr'><strong>hemines</strong></span> <span class='ocrx_word' id='word_1_127' title='bbox 689 1984 852 2069; x_wconf 86' lang='lat' dir='ltr'><strong>primique</strong></span> <span class='ocrx_word' id='word_1_128' title='bbox 875 1984 1034 2067; x_wconf 87' lang='lat' dir='ltr'><strong>fecerunt,</strong></span> <span class='ocrx_word' id='word_1_129' title='bbox 1059 1984 1109 2048; x_wconf 82' lang='lat' dir='ltr'><strong>fas</strong></span> <span class='ocrx_word' id='word_1_130' title='bbox 1132 2007 1197 2048; x_wconf 92' lang='lat' dir='ltr'><strong>non</strong></span> <span class='ocrx_word' id='word_1_131' title='bbox 1220 1986 1271 2067; x_wconf 85' lang='lat' dir='ltr'><strong>sit,</strong></span> <span class='ocrx_word' id='word_1_132' title='bbox 1295 1993 1328 2047; x_wconf 89' lang='lat' dir='ltr'><strong>at</strong></span> <span class='ocrx_word' id='word_1_133' title='bbox 1352 1983 1400 2070; x_wconf 82' lang='lat'><strong>(1)</strong></span> 
     </span>
     <span class='ocr_line' id='line_1_18' title="bbox 333 2070 1401 2159; baseline -0.001 -22"><span class='ocrx_word' id='word_1_134' title='bbox 333 2072 498 2155; x_wconf 90' lang='lat' dir='ltr'><strong>deriuare,</strong></span> <span class='ocrx_word' id='word_1_135' title='bbox 523 2070 568 2159; x_wconf 79' lang='grc'><strong>(2)</strong></span> <span class='ocrx_word' id='word_1_136' title='bbox 591 2072 736 2155; x_wconf 88' lang='lat' dir='ltr'><strong>flectere,</strong></span> <span class='ocrx_word' id='word_1_137' title='bbox 762 2072 808 2159; x_wconf 88' lang='lat'><strong>(3)</strong></span> <span class='ocrx_word' id='word_1_138' title='bbox 833 2075 1041 2159; x_wconf 87' lang='lat' dir='ltr'><strong>coniungere,</strong></span> <span class='ocrx_word' id='word_1_139' title='bbox 1070 2074 1157 2159; x_wconf 90' lang='lat' dir='ltr'><strong>quod</strong></span> <span class='ocrx_word' id='word_1_140' title='bbox 1181 2075 1266 2138; x_wconf 89' lang='lat' dir='ltr'><strong>natis</strong></span> <span class='ocrx_word' id='word_1_141' title='bbox 1288 2084 1401 2158; x_wconf 89' lang='lat' dir='ltr'><strong>postea</strong></span> 
     </span>
     <span class='ocr_line' id='line_1_19' title="bbox 334 2162 1401 2248; baseline 0.001 -22"><span class='ocrx_word' id='word_1_142' title='bbox 334 2184 522 2227; x_wconf 88' lang='lat' dir='ltr'><strong>concessum</strong></span> <span class='ocrx_word' id='word_1_143' title='bbox 539 2178 598 2243; x_wconf 85' lang='lat' dir='ltr'><strong>est,</strong></span> <span class='ocrx_word' id='word_1_144' title='bbox 624 2162 752 2248; x_wconf 90' lang='lat' dir='ltr'><strong>quando</strong></span> <span class='ocrx_word' id='word_1_145' title='bbox 770 2163 865 2228; x_wconf 89' lang='lat' dir='ltr'><strong>desiit</strong></span> <span class='ocrx_word' id='word_1_146' title='bbox 881 2162 1001 2228; x_wconf 81' lang='lat' dir='ltr'><strong>licere?</strong></span> <span class='ocrx_word' id='word_1_147' title='bbox 1029 2163 1118 2228; x_wconf 84' lang='lat' dir='ltr'><strong>Eece</strong></span> <span class='ocrx_word' id='word_1_148' title='bbox 1133 2163 1290 2228; x_wconf 91' lang='lat' dir='ltr'><strong>habemus</strong></span> <span class='ocrx_word' id='word_1_149' title='bbox 1305 2185 1401 2227; x_wconf 87' lang='lat' dir='ltr'><strong>uoca-</strong></span> 
     </span>
     <span class='ocr_line' id='line_1_20' title="bbox 332 2248 1400 2340; baseline 0.001 -25"><span class='ocrx_word' id='word_1_150' title='bbox 332 2251 411 2316; x_wconf 84' lang='lat' dir='ltr'><strong>bula</strong></span> <span class='ocrx_word' id='word_1_151' title='bbox 435 2248 635 2339; x_wconf 77' lang='grc' dir='ltr'><em>νταράγωγα,</em></span> <span class='ocrx_word' id='word_1_152' title='bbox 662 2251 735 2331; x_wconf 79' lang='grc' dir='ltr'><em>ξένα</em></span> <span class='ocrx_word' id='word_1_153' title='bbox 749 2252 803 2337; x_wconf 85' lang='lat'><strong>⁸¹),</strong></span> <span class='ocrx_word' id='word_1_154' title='bbox 828 2252 1025 2320; x_wconf 65' lang='grc' dir='ltr'><em>συντεθέντα</em></span> <span class='ocrx_word' id='word_1_155' title='bbox 1031 2306 1039 2334; x_wconf 87' lang='grc'>,</span> <span class='ocrx_word' id='word_1_156' title='bbox 1064 2275 1147 2340; x_wconf 89' lang='lat' dir='ltr'><strong>quae</strong></span> <span class='ocrx_word' id='word_1_157' title='bbox 1171 2253 1303 2339; x_wconf 87' lang='lat' dir='ltr'><strong>partitio</strong></span> <span class='ocrx_word' id='word_1_158' title='bbox 1319 2252 1400 2317; x_wconf 84' lang='lat' dir='ltr'><strong>adeo</strong></span> 
     </span>
     <span class='ocr_line' id='line_1_21' title="bbox 333 2340 1402 2426; baseline 0 -21"><span class='ocrx_word' id='word_1_159' title='bbox 333 2364 408 2405; x_wconf 89' lang='lat' dir='ltr'><strong>cum</strong></span> <span class='ocrx_word' id='word_1_160' title='bbox 424 2342 579 2426; x_wconf 87' lang='lat' dir='ltr'><strong>primaria</strong></span> <span class='ocrx_word' id='word_1_161' title='bbox 602 2340 762 2423; x_wconf 80' lang='lat' dir='ltr'><strong>cohaeret,</strong></span> <span class='ocrx_word' id='word_1_162' title='bbox 786 2350 821 2406; x_wconf 90' lang='lat' dir='ltr'><strong>ut</strong></span> <span class='ocrx_word' id='word_1_163' title='bbox 837 2343 879 2406; x_wconf 90' lang='lat' dir='ltr'><strong>ad</strong></span> <span class='ocrx_word' id='word_1_164' title='bbox 895 2343 1034 2406; x_wconf 89' lang='lat' dir='ltr'><strong>eundern</strong></span> <span class='ocrx_word' id='word_1_165' title='bbox 1050 2352 1215 2407; x_wconf 77' lang='lat' dir='ltr'><strong>auctorem</strong></span> <span class='ocrx_word' id='word_1_166' title='bbox 1231 2342 1402 2407; x_wconf 87' lang='lat' dir='ltr'><strong>referenda</strong></span> 
     </span>
     <span class='ocr_line' id='line_1_22' title="bbox 333 2430 1402 2520; baseline 0.004 -27"><span class='ocrx_word' id='word_1_167' title='bbox 333 2453 402 2495; x_wconf 88' lang='lat' dir='ltr'><strong>esse</strong></span> <span class='ocrx_word' id='word_1_168' title='bbox 424 2430 583 2493; x_wconf 86' lang='lat' dir='ltr'><strong>uideatur.</strong></span> <span class='ocrx_word' id='word_1_169' title='bbox 629 2430 701 2494; x_wconf 89' lang='lat' dir='ltr'><strong>Hac</strong></span> <span class='ocrx_word' id='word_1_170' title='bbox 726 2431 873 2496; x_wconf 89' lang='lat' dir='ltr'><strong>doctrina</strong></span> <span class='ocrx_word' id='word_1_171' title='bbox 895 2432 1072 2519; x_wconf 85' lang='lat' dir='ltr'><strong>Tyrannio,</strong></span> <span class='ocrx_word' id='word_1_172' title='bbox 1101 2454 1175 2496; x_wconf 92' lang='lat' dir='ltr'><strong>cum</strong></span> <span class='ocrx_word' id='word_1_173' title='bbox 1198 2434 1232 2495; x_wconf 90' lang='lat' dir='ltr'><strong>in</strong></span> <span class='ocrx_word' id='word_1_174' title='bbox 1256 2433 1402 2520; x_wconf 77' lang='grc' dir='ltr'><em>γλωσση-</em></span> 
     </span>
     <span class='ocr_line' id='line_1_23' title="bbox 332 2518 1402 2612; baseline 0 -26"><span class='ocrx_word' id='word_1_175' title='bbox 332 2525 463 2608; x_wconf 61' lang='lat' dir='ltr'><strong>praelargi</strong></span> <span class='ocrx_word' id='word_1_176' title='bbox 486 2518 646 2584; x_wconf 84' lang='lat' dir='ltr'><strong>uocabula</strong></span> <span class='ocrx_word' id='word_1_177' title='bbox 673 2520 761 2602; x_wconf 80' lang='grc' dir='ltr'><em>ξένα,</em></span> <span class='ocrx_word' id='word_1_178' title='bbox 795 2523 1008 2603; x_wconf 64' lang='grc' dir='ltr'><em>συντεθέντα,</em></span> <span class='ocrx_word' id='word_1_179' title='bbox 1039 2522 1305 2612; x_wconf 74' lang='grc' dir='ltr'><em>μετενηνεγμένα,</em></span> <span class='ocrx_word' id='word_1_180' title='bbox 1341 2545 1402 2586; x_wconf 77' lang='grc' dir='ltr'><em>ντε-</em></span> 
     </span>
     <span class='ocr_line' id='line_1_24' title="bbox 335 2609 1402 2700; baseline -0.001 -25"><span class='ocrx_word' id='word_1_181' title='bbox 335 2609 500 2700; x_wconf 78' lang='grc' dir='ltr'><em>ντοιημένα</em></span> <span class='ocrx_word' id='word_1_182' title='bbox 524 2609 748 2695; x_wconf 81' lang='lat' dir='ltr'><strong>distingueret,</strong></span> <span class='ocrx_word' id='word_1_183' title='bbox 776 2611 874 2675; x_wconf 86' lang='lat' dir='ltr'><strong>nixus</strong></span> <span class='ocrx_word' id='word_1_184' title='bbox 897 2633 968 2676; x_wconf 89' lang='lat' dir='ltr'><strong>esse</strong></span> <span class='ocrx_word' id='word_1_185' title='bbox 991 2611 1129 2688; x_wconf 90' lang='lat' dir='ltr'><strong>uidetur,</strong></span> <span class='ocrx_word' id='word_1_186' title='bbox 1153 2623 1189 2676; x_wconf 90' lang='lat' dir='ltr'><strong>ut</strong></span> <span class='ocrx_word' id='word_1_187' title='bbox 1211 2635 1250 2677; x_wconf 90' lang='lat' dir='ltr'><strong>ea</strong></span> <span class='ocrx_word' id='word_1_188' title='bbox 1274 2632 1402 2698; x_wconf 89' lang='lat' dir='ltr'><strong>quoque</strong></span> 
     </span>
     <span class='ocr_line' id='line_1_25' title="bbox 333 2697 1112 2787; baseline 0.004 -24"><span class='ocrx_word' id='word_1_189' title='bbox 333 2701 396 2764; x_wconf 88' lang='lat' dir='ltr'><strong>arti</strong></span> <span class='ocrx_word' id='word_1_190' title='bbox 418 2697 561 2784; x_wconf 86' lang='lat' dir='ltr'><strong>Myriani</strong></span> <span class='ocrx_word' id='word_1_191' title='bbox 582 2699 796 2785; x_wconf 88' lang='lat' dir='ltr'><strong>probabiliter</strong></span> <span class='ocrx_word' id='word_1_192' title='bbox 819 2701 979 2787; x_wconf 86' lang='lat' dir='ltr'><strong>assignari</strong></span> <span class='ocrx_word' id='word_1_193' title='bbox 1001 2703 1112 2786; x_wconf 86' lang='lat' dir='ltr'><strong>possit.</strong></span> 
     </span>
    </p>

    <p class='ocr_par' dir='ltr' id='par_1_5' title="bbox 232 2787 1480 3774">
     <span class='ocr_line' id='line_1_26' title="bbox 421 2787 1401 2876; baseline 0.004 -26"><span class='ocrx_word' id='word_1_194' title='bbox 421 2787 518 2852; x_wconf 88' lang='lat' dir='ltr'><strong>Nune</strong></span> <span class='ocrx_word' id='word_1_195' title='bbox 555 2787 719 2854; x_wconf 83' lang='lat' dir='ltr'><strong>suboritur</strong></span> <span class='ocrx_word' id='word_1_196' title='bbox 755 2792 901 2876; x_wconf 86' lang='lat' dir='ltr'><strong>quaestio</strong></span> <span class='ocrx_word' id='word_1_197' title='bbox 939 2789 1129 2855; x_wconf 85' lang='lat' dir='ltr'><strong>difficillima</strong></span> <span class='ocrx_word' id='word_1_198' title='bbox 1166 2791 1206 2855; x_wconf 90' lang='lat' dir='ltr'><strong>de</strong></span> <span class='ocrx_word' id='word_1_199' title='bbox 1243 2789 1401 2854; x_wconf 91' lang='lat' dir='ltr'><strong>uocabulo</strong></span> 
     </span>
     <span class='ocr_line' id='line_1_27' title="bbox 232 2870 1400 2967; baseline 0.001 -23"><span class='ocrx_word' id='word_1_200' title='bbox 232 2957 236 2961; x_wconf 85' lang='lat'>.</span> <span class='ocrx_word' id='word_1_201' title='bbox 333 2870 443 2965; x_wconf 75' lang='grc' dir='ltr'><em>Τὸρων,</em></span> <span class='ocrx_word' id='word_1_202' title='bbox 476 2875 562 2963; x_wconf 90' lang='lat' dir='ltr'><strong>quod</strong></span> <span class='ocrx_word' id='word_1_203' title='bbox 593 2879 629 2942; x_wconf 89' lang='lat' dir='ltr'><strong>iu</strong></span> <span class='ocrx_word' id='word_1_204' title='bbox 659 2879 724 2944; x_wconf 91' lang='lat' dir='ltr'><strong>fine</strong></span> <span class='ocrx_word' id='word_1_205' title='bbox 748 2880 808 2944; x_wconf 89' lang='grc' dir='ltr'><strong>ΠΙ.</strong></span> <span class='ocrx_word' id='word_1_206' title='bbox 841 2879 1016 2966; x_wconf 88' lang='lat' dir='ltr'><strong>fragmenti</strong></span> <span class='ocrx_word' id='word_1_207' title='bbox 1048 2881 1251 2967; x_wconf 84' lang='lat' dir='ltr'><strong>grammatici</strong></span> <span class='ocrx_word' id='word_1_208' title='bbox 1274 2879 1400 2965; x_wconf 85' lang='lat' dir='ltr'><strong>legitur.</strong></span> 
     </span>
     <span class='ocr_line' id='line_1_28' title="bbox 334 2964 1480 3054; baseline 0.003 -24"><span class='ocrx_word' id='word_1_209' title='bbox 334 2964 430 3046; x_wconf 77' lang='lat' dir='ltr'><strong>Quod</strong></span> <span class='ocrx_word' id='word_1_210' title='bbox 464 2966 559 3032; x_wconf 87' lang='lat' dir='ltr'><strong>foede</strong></span> <span class='ocrx_word' id='word_1_211' title='bbox 593 2979 782 3054; x_wconf 87' lang='lat' dir='ltr'><strong>corruptum</strong></span> <span class='ocrx_word' id='word_1_212' title='bbox 814 2991 884 3034; x_wconf 91' lang='lat' dir='ltr'><strong>esse</strong></span> <span class='ocrx_word' id='word_1_213' title='bbox 916 2969 1044 3034; x_wconf 89' lang='lat' dir='ltr'><strong>Usener</strong></span> <span class='ocrx_word' id='word_1_214' title='bbox 1076 2993 1150 3035; x_wconf 91' lang='lat' dir='ltr'><strong>cum</strong></span> <span class='ocrx_word' id='word_1_215' title='bbox 1182 2968 1402 3048; x_wconf 82' lang='lat' dir='ltr'><strong>intellexisset,</strong></span> <span class='ocrx_word' id='word_1_216' title='bbox 1474 3033 1480 3045; x_wconf 64' lang='lat'><strong>,</strong></span> 
     </span>
     <span class='ocr_line' id='line_1_29' title="bbox 333 3053 1401 3144; baseline 0.001 -24"><span class='ocrx_word' id='word_1_217' title='bbox 333 3055 520 3121; x_wconf 90' lang='lat' dir='ltr'><strong>dubitanter</strong></span> <span class='ocrx_word' id='word_1_218' title='bbox 542 3057 577 3119; x_wconf 91' lang='lat' dir='ltr'><strong>in</strong></span> <span class='ocrx_word' id='word_1_219' title='bbox 600 3053 719 3143; x_wconf 70' lang='grc' dir='ltr'><em>ἑορτῶν</em></span> <span class='ocrx_word' id='word_1_220' title='bbox 742 3060 891 3140; x_wconf 89' lang='lat' dir='ltr'><strong>mutauit,</strong></span> <span class='ocrx_word' id='word_1_221' title='bbox 916 3081 1012 3144; x_wconf 87' lang='lat' dir='ltr'><strong>quam</strong></span> <span class='ocrx_word' id='word_1_222' title='bbox 1036 3061 1255 3125; x_wconf 89' lang='lat' dir='ltr'><strong>coniecturam</strong></span> <span class='ocrx_word' id='word_1_223' title='bbox 1274 3060 1401 3144; x_wconf 88' lang='lat' dir='ltr'><strong>palaeo-</strong></span> 
     </span>
     <span class='ocr_line' id='line_1_30' title="bbox 332 3143 1401 3233; baseline 0.003 -25"><span class='ocrx_word' id='word_1_224' title='bbox 332 3143 496 3230; x_wconf 89' lang='lat' dir='ltr'><strong>graphicis</strong></span> <span class='ocrx_word' id='word_1_225' title='bbox 533 3145 712 3210; x_wconf 88' lang='lat' dir='ltr'><strong>rationibus</strong></span> <span class='ocrx_word' id='word_1_226' title='bbox 750 3146 1008 3212; x_wconf 87' lang='lat' dir='ltr'><strong>commendatam</strong></span> <span class='ocrx_word' id='word_1_227' title='bbox 1046 3158 1079 3213; x_wconf 91' lang='lat' dir='ltr'><strong>te</strong></span> <span class='ocrx_word' id='word_1_228' title='bbox 1118 3146 1401 3233; x_wconf 88' lang='lat' dir='ltr'><strong>comprobaturum</strong></span> 
     </span>
     <span class='ocr_line' id='line_1_31' title="bbox 333 3235 1402 3322; baseline 0 -22"><span class='ocrx_word' id='word_1_229' title='bbox 333 3257 403 3300; x_wconf 88' lang='lat' dir='ltr'><strong>esse</strong></span> <span class='ocrx_word' id='word_1_230' title='bbox 426 3257 529 3320; x_wconf 90' lang='lat' dir='ltr'><strong>spero,</strong></span> <span class='ocrx_word' id='word_1_231' title='bbox 559 3236 586 3298; x_wconf 92' lang='lat' dir='ltr'><strong>si</strong></span> <span class='ocrx_word' id='word_1_232' title='bbox 608 3235 860 3320; x_wconf 89' lang='lat' dir='ltr'><strong>tripartitionem</strong></span> <span class='ocrx_word' id='word_1_233' title='bbox 882 3246 1065 3322; x_wconf 90' lang='lat' dir='ltr'><strong>temporum</strong></span> <span class='ocrx_word' id='word_1_234' title='bbox 1088 3238 1286 3313; x_wconf 86' lang='lat' dir='ltr'><strong>festiuorum</strong></span> <span class='ocrx_word' id='word_1_235' title='bbox 1311 3239 1402 3301; x_wconf 90' lang='lat' dir='ltr'><strong>ouius</strong></span> 
     </span>
     <span class='ocr_line' id='line_1_32' title="bbox 333 3323 1401 3412; baseline 0.001 -23"><span class='ocrx_word' id='word_1_236' title='bbox 333 3326 424 3409; x_wconf 89' lang='lat' dir='ltr'><strong>origo</strong></span> <span class='ocrx_word' id='word_1_237' title='bbox 448 3325 490 3389; x_wconf 91' lang='lat' dir='ltr'><strong>ad</strong></span> <span class='ocrx_word' id='word_1_238' title='bbox 513 3323 717 3410; x_wconf 88' lang='lat' dir='ltr'><strong>Asclepiadis</strong></span> <span class='ocrx_word' id='word_1_239' title='bbox 745 3336 886 3391; x_wconf 88' lang='lat' dir='ltr'><strong>aetatem</strong></span> <span class='ocrx_word' id='word_1_240' title='bbox 913 3328 1069 3412; x_wconf 82' lang='lat' dir='ltr'><strong>pertInet,</strong></span> <span class='ocrx_word' id='word_1_241' title='bbox 1100 3329 1266 3392; x_wconf 90' lang='lat' dir='ltr'><strong>inuenero.</strong></span> <span class='ocrx_word' id='word_1_242' title='bbox 1313 3326 1401 3390; x_wconf 88' lang='lat' dir='ltr'><strong>Talis</strong></span> 
     </span>
     <span class='ocr_line' id='line_1_33' title="bbox 333 3413 1403 3502; baseline 0.001 -24"><span class='ocrx_word' id='word_1_243' title='bbox 333 3415 419 3478; x_wconf 90' lang='lat' dir='ltr'><strong>enim</strong></span> <span class='ocrx_word' id='word_1_244' title='bbox 449 3414 565 3478; x_wconf 88' lang='lat' dir='ltr'><strong>diuisio</strong></span> <span class='ocrx_word' id='word_1_245' title='bbox 596 3413 675 3478; x_wconf 89' lang='lat' dir='ltr'><strong>mihi</strong></span> <span class='ocrx_word' id='word_1_246' title='bbox 704 3415 739 3479; x_wconf 92' lang='lat' dir='ltr'><strong>in</strong></span> <span class='ocrx_word' id='word_1_247' title='bbox 769 3415 876 3480; x_wconf 87' lang='lat' dir='ltr'><strong>Procli</strong></span> <span class='ocrx_word' id='word_1_248' title='bbox 907 3416 1160 3483; x_wconf 85' lang='lat' dir='ltr'><strong>chrestomathia</strong></span> <span class='ocrx_word' id='word_1_249' title='bbox 1189 3417 1403 3502; x_wconf 86' lang='lat' dir='ltr'><strong>grammatica</strong></span> 
     </span>
     <span class='ocr_line' id='line_1_34' title="bbox 333 3503 1402 3592; baseline 0.004 -26"><span class='ocrx_word' id='word_1_250' title='bbox 333 3503 420 3588; x_wconf 90' lang='lat' dir='ltr'><strong>apud</strong></span> <span class='ocrx_word' id='word_1_251' title='bbox 456 3503 608 3568; x_wconf 88' lang='lat' dir='ltr'><strong>Photium</strong></span> <span class='ocrx_word' id='word_1_252' title='bbox 644 3503 789 3571; x_wconf 87' lang='lat' dir='ltr'><strong>biblioth.</strong></span> <span class='ocrx_word' id='word_1_253' title='bbox 827 3527 860 3591; x_wconf 91' lang='lat' dir='ltr'><strong>p.</strong></span> <span class='ocrx_word' id='word_1_254' title='bbox 893 3509 973 3588; x_wconf 86' lang='lat'><strong>319,</strong></span> <span class='ocrx_word' id='word_1_255' title='bbox 1011 3509 1053 3572; x_wconf 82' lang='lat'><strong>32</strong></span> <span class='ocrx_word' id='word_1_256' title='bbox 1088 3529 1136 3592; x_wconf 90' lang='lat' dir='ltr'><strong>sq.</strong></span> <span class='ocrx_word' id='word_1_257' title='bbox 1168 3507 1222 3589; x_wconf 91' lang='lat' dir='ltr'><strong>B.,</strong></span> <span class='ocrx_word' id='word_1_258' title='bbox 1259 3527 1291 3590; x_wconf 88' lang='lat' dir='ltr'><strong>p.</strong></span> <span class='ocrx_word' id='word_1_259' title='bbox 1326 3507 1402 3587; x_wconf 80' lang='lat'><strong>243,</strong></span> 
     </span>
     <span class='ocr_line' id='line_1_35' title="bbox 335 3591 1403 3687; baseline 0.002 -30"><span class='ocrx_word' id='word_1_260' title='bbox 335 3595 376 3657; x_wconf 89' lang='grc'><strong>14</strong></span> <span class='ocrx_word' id='word_1_261' title='bbox 407 3614 453 3678; x_wconf 86' lang='lat' dir='ltr'><strong>sq.</strong></span> <span class='ocrx_word' id='word_1_262' title='bbox 485 3593 540 3658; x_wconf 88' lang='lat' dir='ltr'><strong>W.</strong></span> <span class='ocrx_word' id='word_1_263' title='bbox 573 3592 673 3657; x_wconf 85' lang='lat' dir='ltr'><strong>latere</strong></span> <span class='ocrx_word' id='word_1_264' title='bbox 704 3595 851 3660; x_wconf 90' lang='lat' dir='ltr'><strong>uidetur:</strong></span> <span class='ocrx_word' id='word_1_265' title='bbox 887 3597 964 3684; x_wconf 80' lang='grc' dir='ltr'><em>περὶ</em></span> <span class='ocrx_word' id='word_1_266' title='bbox 999 3597 1036 3662; x_wconf 77' lang='grc' dir='ltr'><strong>δὲ</strong></span> <span class='ocrx_word' id='word_1_267' title='bbox 1067 3598 1202 3687; x_wconf 72' lang='grc' dir='ltr'><em>μελικῆς</em></span> <span class='ocrx_word' id='word_1_268' title='bbox 1234 3591 1403 3681; x_wconf 54' lang='grc' dir='ltr'><em>ποιήσεώς</em></span> 
     </span>
     <span class='ocr_line' id='line_1_36' title="bbox 332 3673 1402 3774; baseline 0.001 -26"><span class='ocrx_word' id='word_1_269' title='bbox 332 3705 448 3771; x_wconf 79' lang='grc' dir='ltr'><em>φησιν,</em></span> <span class='ocrx_word' id='word_1_270' title='bbox 504 3673 548 3760; x_wconf 79' lang='grc' dir='ltr'><strong>ὦς</strong></span> <span class='ocrx_word' id='word_1_271' title='bbox 594 3680 857 3774; x_wconf 75' lang='grc' dir='ltr'><em>πολυμερεστάτη</em></span> <span class='ocrx_word' id='word_1_272' title='bbox 908 3710 943 3751; x_wconf 84' lang='grc' dir='ltr'><strong>τε</strong></span> <span class='ocrx_word' id='word_1_273' title='bbox 995 3685 1052 3751; x_wconf 79' lang='grc' dir='ltr'><strong>καὶ</strong></span> <span class='ocrx_word' id='word_1_274' title='bbox 1107 3677 1282 3773; x_wconf 74' lang='grc' dir='ltr'><em>διαφόρους</em></span> <span class='ocrx_word' id='word_1_275' title='bbox 1337 3681 1402 3768; x_wconf 70' lang='grc' dir='ltr'><em>ἔχει</em></span> 
     </span>
    </p>
   </div>
   <div class='ocr_carea' id='block_1_5' title="bbox 331 3858 1402 4201">
    <p class='ocr_par' dir='ltr' id='par_1_6' title="bbox 420 3858 1244 3934">
     <span class='ocr_line' id='line_1_37' title="bbox 420 3858 1244 3934; baseline 0.002 -21"><span class='ocrx_word' id='word_1_276' title='bbox 420 3859 454 3932; x_wconf 78' lang='lat'><strong>⁸⁰)</strong></span> <span class='ocrx_word' id='word_1_277' title='bbox 476 3859 589 3914; x_wconf 85' lang='lat' dir='ltr'><strong>Eadem</strong></span> <span class='ocrx_word' id='word_1_278' title='bbox 607 3858 668 3915; x_wconf 81' lang='lat' dir='ltr'><strong>lere</strong></span> <span class='ocrx_word' id='word_1_279' title='bbox 689 3867 869 3915; x_wconf 88' lang='lat' dir='ltr'><strong>enarrantur</strong></span> <span class='ocrx_word' id='word_1_280' title='bbox 888 3880 905 3916; x_wconf 94' lang='lat' dir='ltr'><strong>a</strong></span> <span class='ocrx_word' id='word_1_281' title='bbox 924 3862 1039 3918; x_wconf 85' lang='lat' dir='ltr'><strong>Seneca</strong></span> <span class='ocrx_word' id='word_1_282' title='bbox 1058 3881 1102 3934; x_wconf 89' lang='lat' dir='ltr'><strong>ep.</strong></span> <span class='ocrx_word' id='word_1_283' title='bbox 1123 3863 1182 3929; x_wconf 87' lang='lat'><strong>108,</strong></span> <span class='ocrx_word' id='word_1_284' title='bbox 1202 3863 1244 3916; x_wconf 78' lang='lat'><strong>35.</strong></span> 
     </span>
    </p>

    <p class='ocr_par' dir='ltr' id='par_1_7' title="bbox 331 3931 1402 4201">
     <span class='ocr_line' id='line_1_38' title="bbox 419 3931 1402 4007; baseline 0 -21"><span class='ocrx_word' id='word_1_285' title='bbox 419 3931 455 4003; x_wconf 76' lang='grc' dir='ltr'><strong>δι)</strong></span> <span class='ocrx_word' id='word_1_286' title='bbox 476 3931 663 3986; x_wconf 84' lang='lat' dir='ltr'><strong>Vocabulum</strong></span> <span class='ocrx_word' id='word_1_287' title='bbox 691 3931 834 3987; x_wconf 84' lang='lat' dir='ltr'><strong>flectendi</strong></span> <span class='ocrx_word' id='word_1_288' title='bbox 857 3938 890 3987; x_wconf 89' lang='lat' dir='ltr'><strong>in</strong></span> <span class='ocrx_word' id='word_1_289' title='bbox 914 3940 976 3988; x_wconf 88' lang='lat' dir='ltr'><strong>arte</strong></span> <span class='ocrx_word' id='word_1_290' title='bbox 1006 3940 1202 4007; x_wconf 85' lang='lat' dir='ltr'><strong>grammatica</strong></span> <span class='ocrx_word' id='word_1_291' title='bbox 1223 3938 1343 4006; x_wconf 78' lang='lat' dir='ltr'><strong>proprIe</strong></span> <span class='ocrx_word' id='word_1_292' title='bbox 1364 3931 1402 3986; x_wconf 89' lang='lat' dir='ltr'><strong>ad</strong></span> 
     </span>
     <span class='ocr_line' id='line_1_39' title="bbox 331 4003 1401 4077; baseline 0 -19"><span class='ocrx_word' id='word_1_293' title='bbox 331 4003 532 4075; x_wconf 81' lang='lat' dir='ltr'><strong>significanda</strong></span> <span class='ocrx_word' id='word_1_294' title='bbox 550 4006 644 4058; x_wconf 90' lang='lat' dir='ltr'><strong>uerba</strong></span> <span class='ocrx_word' id='word_1_295' title='bbox 658 4006 693 4058; x_wconf 89' lang='lat' dir='ltr'><strong>ab</strong></span> <span class='ocrx_word' id='word_1_296' title='bbox 709 4007 768 4058; x_wconf 88' lang='lat' dir='ltr'><strong>alia</strong></span> <span class='ocrx_word' id='word_1_297' title='bbox 785 4006 892 4076; x_wconf 84' lang='lat' dir='ltr'><strong>lingua</strong></span> <span class='ocrx_word' id='word_1_298' title='bbox 905 4011 1033 4077; x_wconf 88' lang='lat' dir='ltr'><strong>repetita</strong></span> <span class='ocrx_word' id='word_1_299' title='bbox 1052 4007 1188 4060; x_wconf 85' lang='lat' dir='ltr'><strong>adhiberi</strong></span> <span class='ocrx_word' id='word_1_300' title='bbox 1202 4007 1401 4059; x_wconf 87' lang='lat' dir='ltr'><strong>concluserim</strong></span> 
     </span>
     <span class='ocr_line' id='line_1_40' title="bbox 332 4075 1399 4149; baseline 0.001 -21"><span class='ocrx_word' id='word_1_301' title='bbox 332 4092 369 4128; x_wconf 84' lang='lat' dir='ltr'><strong>ex</strong></span> <span class='ocrx_word' id='word_1_302' title='bbox 389 4076 487 4130; x_wconf 80' lang='lat' dir='ltr'><strong>Gellio</strong></span> <span class='ocrx_word' id='word_1_303' title='bbox 506 4077 541 4128; x_wconf 88' lang='lat' dir='ltr'><strong>N.</strong></span> <span class='ocrx_word' id='word_1_304' title='bbox 561 4075 595 4129; x_wconf 82' lang='lat' dir='ltr'><strong>A.</strong></span> <span class='ocrx_word' id='word_1_305' title='bbox 616 4076 657 4129; x_wconf 89' lang='lat' dir='ltr'><strong>IV</strong></span> <span class='ocrx_word' id='word_1_306' title='bbox 676 4079 700 4143; x_wconf 89' lang='lat'><strong>3,</strong></span> <span class='ocrx_word' id='word_1_307' title='bbox 720 4079 750 4132; x_wconf 88' lang='lat'><strong>3:</strong></span> <span class='ocrx_word' id='word_1_308' title='bbox 770 4077 826 4130; x_wconf 90' lang='lat' dir='ltr'><strong>hoc</strong></span> <span class='ocrx_word' id='word_1_309' title='bbox 847 4095 965 4147; x_wconf 90' lang='lat' dir='ltr'><strong>quoque</strong></span> <span class='ocrx_word' id='word_1_310' title='bbox 985 4080 1166 4135; x_wconf 84' lang='lat' dir='ltr'><strong>vocabulum</strong></span> <span class='ocrx_word' id='word_1_311' title='bbox 1188 4078 1263 4148; x_wconf 76' lang='lat' dir='ltr'><strong>(soll.</strong></span> <span class='ocrx_word' id='word_1_312' title='bbox 1281 4078 1399 4149; x_wconf 86' lang='lat' dir='ltr'><strong>paelex)</strong></span> 
     </span>
     <span class='ocr_line' id='line_1_41' title="bbox 333 4145 689 4201; baseline 0 -2"><span class='ocrx_word' id='word_1_313' title='bbox 333 4164 347 4199; x_wconf 91' lang='lat' dir='ltr'><strong>c</strong></span> <span class='ocrx_word' id='word_1_314' title='bbox 369 4147 483 4200; x_wconf 84' lang='lat' dir='ltr'><strong>Graeco</strong></span> <span class='ocrx_word' id='word_1_315' title='bbox 504 4145 615 4201; x_wconf 83' lang='lat' dir='ltr'><strong>flexum</strong></span> <span class='ocrx_word' id='word_1_316' title='bbox 636 4153 689 4201; x_wconf 86' lang='lat' dir='ltr'><strong>est.</strong></span> 
     </span>
    </p>
   </div>
   <div class='ocr_carea' id='block_1_6' title="bbox 0 0 1697 5025">
    <p class='ocr_par' dir='ltr' id='par_1_8' title="bbox 0 0 1697 5025">
     <span class='ocr_line' id='line_1_42' title="bbox 0 0 1697 5025; baseline 0 0"><span class='ocrx_word' id='word_1_317' title='bbox 0 0 1697 5025; x_wconf 95' lang='lat' dir='ltr'><strong> </strong></span> 
     </span>
    </p>
   </div>
  </div>
 </body>
</html>
