3384 5025
722 644 943 709 -52..

297 822 368 885 fieri
390 822 504 907 potuit,
528 822 561 885 in
585 822 817 907 proseminario
833 818 1030 886 Germanico
1047 820 1153 885 Elster
1178 832 1210 884 et
1229 820 1361 886 Sievers
1443 876 1449 896 „

296 920 503 995 aperuerunt.
561 911 679 977 Postea
710 912 745 973 in
777 911 956 974 seminariis
990 908 1143 975 historico
1175 922 1208 975 et
1239 932 1361 996 geogr:
1443 949 1444 956 κ

296 998 447 1063 historico
471 1022 522 1063 me
536 1000 670 1085 Berger‚
687 998 938 1084 Brandenburg‚
960 998 1134 1076 Buchholz,
1153 998 1363 1085 Lamprecht,
1443 1051 1449 1070 .

295 1088 438 1163 Mareks,
459 1088 614 1175 Seeliger,
633 1087 845 1153 Waehsmuth
868 1088 902 1152 in
928 1088 1154 1173 cognoscenda
1177 1098 1210 1152 et
1231 1089 1363 1153 investi·
1443 1145 1448 1156 .

295 1177 404 1262 ganda
426 1176 559 1242 historia
581 1179 699 1242 iterum
721 1178 906 1263 iterumque
928 1189 1154 1242 exercuerunt.
1202 1178 1297 1241 Nune
1320 1177 1362 1241 ad
1443 1183 1449 1230 '-

295 1266 503 1331 seminarium
526 1266 780 1353 paedagogicum
797 1266 820 1331 J
822 1288 988 1351 ungmann
1007 1289 1059 1331 me
1076 1266 1216 1334 admisit.
1262 1264 1362 1330 Deni-

295 1379 359 1441 que
390 1355 677 1421 exercitationibus
709 1354 961 1440 arehaeologieis
997 1366 1029 1419 et
1060 1354 1245 1441 philologis,
1282 1377 1362 1441 quas
1444 1362 1452 1398 ·’

294 1446 501 1509 instituerunt
526 1444 660 1527 Hauck,
683 1444 831 1525 Martini,
856 1445 967 1526 Marx,
990 1443 1180 1527 Schreiber,
1203 1442 1361 1526 Sommer,

294 1533 437 1599 interfui.
1443 1535 1447 1598 .'

383 1621 510 1704 Quibus
542 1622 618 1687 uiris
655 1645 729 1687 cum
765 1621 915 1687 omnibus
947 1631 1016 1686 tum
1049 1621 1295 1687 Waehsmuthio
1330 1632 1363 1685 et
1444 1659 1448 1670 ·

294 1710 515 1776 Studniczkae
539 1712 799 1799 Immisehioque,
824 1712 935 1797 Lipsio
959 1720 991 1774 et
1010 1710 1140 1775 Marxio
1160 1721 1193 1777 et
1207 1711 1361 1776 Martinio
1451 1795 1452 1799 Ἰ

293 1822 352 1885 pr0
375 1801 475 1865 variis
502 1800 675 1887 multisque
702 1823 782 1885 erga
809 1824 862 1866 me
891 1800 1013 1864 meritis
1040 1802 1165 1885 gratias
1188 1822 1275 1865 nunc
1298 1822 1361 1885 ago

293 1890 462 1970 maximas,
486 1890 584 1954 etiam
607 1892 744 1955 maiores
767 1912 895 1975 semper
917 1887 1054 1953 habebo.

382 1976 535 2065 Denique
557 1999 627 2042 non·
645 2000 792 2064 possum,
815 1980 896 2065 quin
917 1989 952 2043 et
973 1977 1177 2063 praesidibus
1201 1989 1235 2042 et
1258 1987 1360 2043 eusto-

293 2066 388 2131 dibus
422 2066 638 2133 bibliothecae
672 2068 849 2153 Lipsiensis
883 2077 917 2131 et
953 2066 1147 2131 Dresdensis
1186 2077 1220 2131 et
1259 2067 1362 2143 musei
1446 2103 1451 2121 =

293 2155 447 2242 philologi
482 2157 703 2223 universitatis
738 2158 838 2221 iustas
872 2167 906 2220 et
934 2154 1061 2221 debitas
1094 2157 1218 2241 gratias
1253 2179 1360 2241 agam,

292 2267 430 2333 quorum
446 2245 640 2312 liberalitate
656 2245 736 2309 mihi
751 2248 896 2309 maxima
909 2244 1067 2309 librorum
1083 2247 1178 2330 eopia
1193 2245 1243 2309 uti
1259 2244 1359 2309 licuit.
1449 2258 1452 2263 ’
