3384 5025
782 521 978 585 ..6-

343 698 504 765 Athenaei
536 698 642 762 locum
672 707 761 763 recte
794 698 990 776 sanauimus,
1022 695 1206 761 iamborum
1238 707 1377 782 poetam,
1385 697 1418 783 2)

345 790 402 875 qui
425 788 540 854 eodem
563 788 633 853 fere
656 798 802 871 tempore
825 798 925 871 etque
948 786 1126 871 Dionysius
1145 786 1258 849 Thrax
1281 799 1313 851 et
1337 797 1413 851 ante

344 876 571 941 Alexandrum
577 875 814 961 Polyhistorem
826 875 947 958 floruit,
958 875 1050 940 citat:
1061 872 1235 954 Διονίσιος
1247 875 1282 942 δὲ
1296 870 1312 941 ὃ
1325 874 1421 964 Θρᾲξ

345 968 378 1033 ἓν
393 956 493 1072 Ῥόδην
517 966 642 1053 λέγεται
666 960 721 1053 τὴν
742 963 926 1072 Νεστορίδα
949 961 1191 1031 κατασκευάσαι
1216 968 1282 1029 τῶν
1303 970 1414 1051 μαθη-

345 1060 411 1122 τῶν
439 1060 527 1141 αντη]
555 1051 806 1141 συνενεγκάντων
832 1049 1015 1140 ταργίριον,
1044 1045 1126 1140 ὅπερ
1148 1052 1374 1137 Προμαθίδας
1396 1048 1412 1119 ί

345 1136 570 1232 Ἡρακλειίτης
594 1138 801 1232 ἕξηγοίμενός
816 1166 916 1232 φησιν
931 1143 999 1208 κτλ.
1033 1141 1166 1223 (Athen.
1183 1142 1235 1205 XI
1251 1143 1315 1207 489
1333 1140 1417 1229 alb).

346 1234 542 1297 Primarium
563 1254 691 1317 quoque
708 1230 817 1296 locum
838 1230 902 1295 sibi
921 1230 1066 1295 uindicat
1082 1229 1251 1295 Strabonis
1274 1232 1414 1296 testimo-

347 1323 437 1387 nium
459 1321 514 1385 III
530 1338 561 1405 p.
585 1322 641 1385 157
659 1318 692 1385 O.
702 1318 766 1386 τκαί
780 1315 1031 1408 Ἀσκληπιάδης
1051 1310 1068 1385 δ
1082 1318 1274 1407 Μυρλεανὸς
1288 1310 1366 1408 άνίηρ
1382 1319 1420 1385 ἐν

346 1414 384 1499 τῇ
407 1411 511 1496 Τοαρδ
535 1407 630 1497 τανίᾳ
651 1406 836 1488 παιδείσας
856 1407 897 1474 τὰ
918 1404 1127 1496 γραμματικά
1146 1408 1204 1475 καί
1220 1405 1421 1497 περιήγησίν

268 1494 270 1505 ’
347 1526 420 1567 τινα
435 1505 501 1564 τιῖν
513 1436 622 1564 limis
638 1496 825 1576 ἐκδεδωκώς
840 1503 904 1563 τιῖν
920 1497 1028 1585 ταύτῃ.
1059 1498 1175 1583 Neque
1192 1520 1270 1562 uero
1285 1497 1419 1563 tolerari

348 1610 442 1674 posse
475 1587 615 1670 uidetur,
649 1587 737 1673 quod
768 1588 910 1672 primum
934 1586 1078 1668 Werfer‚
1113 1596 1227 1694 postea
1250 1586 1352 1651 Lehrs
1385 1596 1418 1651 et

348 1676 499 1741 Mainake
523 1687 555 1741 et
579 1676 765 1761 nuperrime
789 1675 850 1740 Ed.
874 1674 1093 1760 Stemplinger
1126 1674 1261 1741 Strabos
1279 1676 1420 1740 litterar·

349 1765 421 1831 hist.
433 1759 580 1830 Notizen'
598 1788 630 1850 p.
644 1766 688 1831 46
704 1763 792 1851 apud
804 1763 999 1829 Strabonem
1014 1764 1083 1828 XII
1095 1787 1125 1850 p.
1140 1766 1205 1831 666
1219 1763 1290 1846 Qu)
1306 1764 1419 1828 Ascle·

348 1854 454 1941 piadis
469 1853 630 1939 Myrleani
652 1844 769 1918 nomen
792 1852 887 1918 foedo
910 1851 1116 1918 librariorum
1138 1875 1248 1919 errore
1266 1856 1420 1920 omissum

351 1954 383 2009 et
415 1947 604 2008 coniectura
635 1942 852 2029 supplendum
887 1964 957 2007 esse
987 1953 1193 2026 censuerunt,
1228 1965 1302 2007 cum
1330 1942 1420 2007 locus

349 2042 439 2098 recte
462 2032 599 2096 traditus
627 2032 680 2117 sit3
712 2054 786 2095 nam
813 2030 933 2096 Strabo
959 2032 995 2097 in
1027 2032 1148 2096 ciuium
1177 2032 1421 2118 praeclarorum

350 2120 525 2204 indicibus,
564 2142 643 2206 quos
682 2118 955 2205 descriptionibus
992 2119 1192 2205 singulorum
1226 2120 1420 2206 oppidorum

351 2209 493 2291 addidit,
524 2209 710 2295 saepissime
738 2210 825 2275 uiros
852 2207 991 2275 illustres
1019 2220 1116 2295 atque
1145 2211 1243 2273 etiam
1271 2220 1424 2276 auctores

352 2321 425 2364 suos
449 2298 564 2374 omisit,
590 2321 784 2384 quamquam
809 2300 925 2362 ceteris
948 2298 1026 2363 locis
1049 2321 1178 2384 semper
1200 2299 1269 2364 fere
1289 2299 1422 2363 adnota-

352 2389 408 2465 uit,
425 2410 490 2474 qua
501 2409 543 2450 ex
558 2387 643 2451 urbe
657 2389 792 2474 quisque
809 2397 899 2451 ortus
909 2388 992 2467 ait.⁴)
1015 2388 1168 2473 Denique
1183 2387 1344 2454 accedunt
1358 2388 1426 2453 tria-

353 2476 545 2559 testimonia‚
558 2498 641 2563 quae
651 2477 770 2543 artiore
783 2476 924 2563 quodam
937 2476 1069 2543 uinculo
1083 2478 1168 2543 inter
1183 2499 1216 2543 se
1233 2476 1420 2543 cohaerent:

443 2565 559 2630 Suides
582 2566 613 2629 u.
628 2561 879 2656 Ἀσκληπιάδης
896 2597 937 2620 =
954 2566 1113 2652 Hesychii
1130 2566 1231 2632 Miles.
1252 2565 1420 2632 onomatol.

352 2679 383 2740 p.
423 2657 521 2738 32,16
560 2678 604 2741 sq.
644 2655 707 2722 Fi:
747 2645 992 2743 Ἀσκληπιάδης
1029 2656 1191 2740 Διοτίμου
1233 2652 1425 2744 Μυρλεανός

354 2740 466 2825 (πόλις
498 2744 534 2810 δέ
566 2744 636 2811 ἐστι
660 2743 831 2825 Βιθυνίας,
867 2738 887 2834 ἡ
921 2750 974 2810 νῦν
1001 2734 1169 2828 Ἀπάμεια
1192 2746 1374 2834 καλουμένη
1384 2745 1426 2828 ⁶),

353 2829 389 2900 τδ
414 2833 450 2899 δὲ
475 2822 603 2899 dumiiah
632 2835 722 2922 γένος
750 2824 787 2923 ἧν
811 2826 966 2914 Νικαεύς,
997 2831 1232 2920 γραμματινάς,
1264 2830 1428 2923 μαθητὴς·

351 2917 587 2989 Ἀπολλιονίοικ
636 2931 666 2988 Γ
664 2924 751 3009 aspona
778 2924 815 2989 δὲ
843 2922 904 2987 ἐπί
928 2929 985 2989 τοῦ
1002 2918 1161 2989 Ἀττάλου
1182 2922 1239 2989 καί
1263 2913 1428 3007 Είμένοίς

354 3057 566 3066 ,----,-.-.

447 3115 472 3184 2)
494 3114 576 3180 Quae
605 3113 684 3197 apud
703 3115 891 3170 Athenaeum
910 3115 967 3169 VII
987 3117 1062 3170 2966
1085 3116 1130 3185 (ir.
1156 3120 1173 3172 6
1197 3117 1248 3187 Μ.)
1279 3119 1429 3188 leguntur

354 3180 556 3256 Ἤρομιιθίδας
576 3187 606 3238 ἰν
625 3178 794 3256 ημιάμβοις’,
819 3194 959 3256 corrupta
981 3192 1043 3240 sint
1060 3205 1185 3242 necesse
1205 3194 1260 3253 est,
1281 3194 1426 3259 quoniam

355 3259 594 3311 hemiamborum
611 3274 725 3309 nomen
745 3262 813 3310 ante
834 3256 968 3310 infimam
982 3264 1112 3312 aetatem
1124 3260 1324 3330 Byzantinam
1337 3265 1423 3332 igno-

356 3335 421 3382 tum
456 3326 551 3384 luisse
583 3327 615 3381 F.
647 3327 792 3382 Hanssen
823 3327 1021 3382 Commentat.
1057 3330 1252 3384 Ribbeckian.
1284 3350 1311 3402 p.
1344 3333 1423 3398 190,4

358 3399 584 3454 demonstrauit.
621 3397 764 3452 Fortasse
796 3397 959 3470 legendum
994 3406 1041 3455 est
1069 3394 1270 3471 (Προμαθίδας
1306 3405 1336 3456 ἐν
1366 3408 1424 3461 τοῖς

358 3465 485 3538 lippari,
500 3487 574 3540 quae
589 3471 659 3522 libri
672 3475 829 3540 inscriptio
845 3470 924 3541 apud
931 3471 1122 3525 Athenaeum
1133 3473 1183 3526 HI
1194 3475 1228 3526 75
1239 3472 1257 3540 f,
1270 3473 1329 3527 VII
1338 3475 1429 3541 enea.

357 3541 402 3593 IX
421 3542 474 3595 370
483 3543 511 3608 b,
530 3542 560 3594 X
578 3542 668 3606 4466,
687 3541 748 3594 XII
766 3543 844 3596 5540
865 3542 976 3595 tradita
996 3549 1049 3596 est.

446 3610 468 3681 ³)
484 3604 593 3682 Ἄνδρες
612 3606 778 3680 δ’άξιὸλογοι
796 3608 867 3665 κατὰ
887 3614 1020 3668 παιδείαν
1036 3607 1186 3682 γεγόνασιν
1205 3617 1231 3666 ἐν
1253 3617 1286 3702 τη
1299 3621 1423 3684 Βιθυνίᾳ

359 3674 526 3752 Ξενοκράτης
545 3700 572 3734 τε
594 3676 608 3734 ὃ
623 3675 777 3752 φιλόσοφος
789 3687 835 3735 καὶ
850 3679 996 3744 Διονύσιος
1009 3680 1024 3737 δ
1037 3680 1205 3744 διαλεκτικὸς
1217 3688 1263 3738 καὶ
1281 3694 1432 3757 [ππαρχος

358 3756 406 3804 καὶ
426 3756 453 3804 οἱ
472 3753 571 3812 παῖδες
591 3749 675 3806 αὑτοῦ
693 3760 896 3826 μαθηματικοί,
916 3751 1074 3825 Κλεοχάρης
1095 3756 1258 3824 (Ruhnken
1276 3758 1313 3811 ad
1330 3758 1424 3814 Rutu.

358 3824 433 3907 Lup;
446 3826 511 3906 p·.5³
532 3819 695 3906 Κλεοφάνης
706 3826 788 3896 libri)
809 3845 837 3879 τε
857 3820 944 3896 ῥήτωρ
963 3820 978 3877 6
996 3823 1162 3896 Μυρλεανὸς
1173 3821 1373 3896 Ἀσκληπιάδης
1396 3848 1425 3882 τε

360 3899 815 4039 impoli>cillodidihblingorum
833 3967 852 4020 l.
873 3985 896 4021 s.
915 3986 942 4038 p.
963 3968 1034 4036 70J3.

449 4039 471 4108 ε>)
492 4039 537 4090 Ex
564 4039 620 4090 hoc
648 4040 715 4092 loco
743 4039 859 4109 Ligerii
886 4037 1001 4093 falsarii
1023 4042 1169 4110 praeclari
1187 4047 1433 4113 inscriptionem?

360 4125 436 4176 quae
459 4114 613 4164 invenitur
639 4110 717 4180 apud
740 4110 914 4164 Kaibelium
942 4111 1030 4165 IGSI.
1060 4114 1074 4143 '¹‘
1103 4114 1168 4167 167:
1199 4106 1430 4182 Ἀσκληπιάδης)

360 4175 664 4250 Διοτιμοοβπιηιιιιος,
684 4180 808 4236 fluxisse
829 4183 926 4235 obiter
946 4182 1160 4237 adnotaverim.
