3384 5025
751 497 973 558 ...24-

330 671 461 737 cludere
477 671 563 737 licet
595 671 708 757 Neque
726 672 889 735 omiserim
905 694 1159 736 commemorare
1174 672 1403 737 adnotationes

330 760 372 825 ad
388 762 587 840 carminaI„
599 760 656 843 Π,
673 761 712 827 V.
725 760 970 845 antiquissimae
984 761 1166 825 carminum
1177 760 1400 827 bucolicorum

331 849 527 915 collectionis
549 810 677 935 partein
701 850 885 932 adscriptas
907 872 989 931 esse,
1013 872 1099 935 quae
1114 862 1192 915 anto
1207 850 1400 937 ampliorem

329 938 531 1005 Artemidori
558 939 764 1023 grammatici
791 936 967 1002 editionem
990 949 1105 1003 curata
1127 940 1239 1026 estu)
1282 939 1400 1026 Neque

330 1029 430 1113 igitur
464 1026 633 1107 habemus,
667 1026 754 1113 quod
784 1025 1016 1113 Asclepiadem
1049 1026 1249 1093 Artemidori
1283 1030 1401 1106 studiis

330 1116 532 1182 Theocriteis
559 1117 602 1180 ad
625 1115 831 1201 Syracosium
856 1127 986 1200 poetam
1009 1117 1288 1203 interpretandum
1312 1121 1400 1183 exci-

330 1217 432 1272 tatum
465 1228 536 1271 esse
566 1204 719 1270 Kaibelio
756 1204 866 1269 Herm.
900 1204 966 1267 XV
1002 1226 1035 1291 p.
1068 1209 1135 1271 456
1174 1207 1402 1289 concedamus,

330 1295 521 1381 praesertim
545 1317 619 1358 oum
635 1294 863 1359 Artemidorus
877 1292 1020 1359 Theonis
1034 1305 1130 1380 pater
1144 1295 1311 1381 aliquanto
1326 1308 1400 1381 post
1417 1375 1421 1379 ⁴

330 1384 532 1467 Myrleanum
555 1383 701 1448 floruisse
723 1382 888 1469 putandus
909 1384 962 1463 sit,
984 1383 1146 1469 siquidem
1168 1407 1256 1448 nunc
1280 1387 1403 1450 rectius

332 1472 372 1537 de
411 1474 480 1537 eius
517 1482 625 1537 aetate
660 1471 807 1536 iudicare
839 1472 1068 1557 possumus.⁴8)
1123 1472 1327 1539 Paucissima
1359 1475 1402 1540 de

330 1561 439 1627 indole
471 1561 587 1626 horum
621 1561 927 1625 commentariorum
967 1562 1066 1625 statui
1108 1573 1253 1646 possum.
1310 1563 1401 1627 Bene

331 1651 468 1715 formam
496 1648 663 1734 λείψομαι,
694 1671 778 1736 quae
805 1672 825 1713 a
852 1647 1010 1733 λαμβάνω
1039 1650 1189 1715 derivata
1213 1652 1354 1716 litteram
1378 1680 1403 1719 α

331 1739 524 1848 productam
543 1738 653 1821 babet,
677 1740 802 1804 ratione
818 1738 958 1803 Doricae
978 1738 1109 1803 dialecti
1124 1739 1237 1805 habita
1252 1764 1273 1805 a
1293 1740 1401 1805 tuturo

331 1828 425 1895 uerbi
446 1826 578 1910 λάπτω,
602 1788 689 1913 qubd
710 1828 854 1892 litteram
873 1851 894 1892 a
917 1838 1101 1933 correptam
1118 1828 1227 1912 babet,
1251 1830 1404 1895 distinxit

333 1917 444 2004 (schol.
469 1918 487 1981 Ι
506 1918 562 2024 4);
597 1929 710 1982 contra
742 1926 897 1981 accurata
927 1919 1160 2001 grammaticae
1188 1920 1314 1984 ratione
1346 1941 1401 1982 ne-

331 2007 438 2093 glecta
468 2000 621 2093 Θύμβρις,
649 2005 739 2112 quod
765 2006 927 2091 legitur
917 2028 952 2069 ιιι
976 2006 1153 2080 codicibus
1177 2005 1299 2095 Δυβρις
1322 2010 1400 2072 scri·

331 2096 475 2162 bendum
509 2107 541 2161 et
575 2091 660 2161 κατὰ
692 2098 844 2183 γλῶσσαι
875 2118 934 2181 pro
971 2093 1128 2163 θάλασσα
1166 2096 1289 2161 dictum
1329 2120 1403 2162 esse

332 2185 413 2251 falso
457 2186 568 2251 docuit
613 2186 642 2289 (Ι
676 2184 769 2269 118);
821 2205 927 2270 neque
976 2205 1088 2249 ueram
1131 2185 1401 2291 significationem

332 2262 563 2339 uerborum
539 2301 583 2353 ιις
619 2265 637 2340 ὁ
671 2270 822 2377 Φάλαρος
853 2274 1034 2358 perspexit3
1072 2285 1244 2359 praeterea
1280 2276 1404 2339 iniuria

334 2386 447 2428 uersus
479 2362 511 2425 V
541 2365 618 2443 9415
650 2364 835 2427 coniectura
868 2385 985 2427 sanare
1021 2375 1157 2427 conatus
1195 2375 1254 2446 est,
1291 2387 1403 2449 quam,

335 2453 463 2520 etiamsi
494 2474 560 2517 non
590 2473 670 2516 uera
702 2454 801 2538 est40)
835 2459 941 2516 tamen
965 2449 1177 2537 probabiliter
1199 2465 1232 2519 et
1254 2454 1404 2539 speciose

334 2544 500 2608 inuentam
524 2563 594 2607 esse
615 2541 692 2605 inde
716 2540 832 2624 elucet,
856 2542 943 2627 quod
958 2540 1112 2606 Meineke
1135 2551 1168 2606 et
1182 2542 1313 2607 Abrens
1328 2566 1402 2608 eam

335 2634 369 2697 in
400 2642 526 2698 textum
559 2653 652 2695 suum
679 2642 883 2715 receperunt.
930 2629 1051 2696 Contra
1078 2631 1213 2696 fortasse
1235 2643 1305 2696 rect
1307 2655 1327 2695 a
1292 2633 1403 2696 tuel

335 2733 423 2788 carte
447 2719 630 2807 probabilia
652 2731 736 2801 sunt,
766 2742 850 2806 quae
873 2720 914 2784 de
938 2718 1097 2785 uocabulo
1120 2718 1234 2825 sapor
1256 2721 1313 2805 (11,
1339 2723 1400 2830 88;

333 2811 392 2876 cfr.
424 2811 521 2876 schol.
553 2810 623 2874 Nic
648 2808 801 2900 Alexiph.
830 2808 1042 2897 510)etetde
1064 2810 1173 2874 uerbis
1197 2799 1327 2876 οἰδὲν
1318 2807 1405 2896 ιερόν

333 2901 378 2983 (V
402 2900 458 2984 21)
482 2899 591 2984 disput
592 2900 671 2963 auit.

421 3004 487 3070 Sed
509 3004 591 3068 haec
615 3027 714 3089 opera
736 3007 871 3085 minora,
896 3004 951 3068 illa
973 3025 1052 3068 uero
1076 3005 1239 3088 grauiora.
1286 3005 1404 3092 Neque

332 3095 419 3160 enim
442 3093 544 3158 solum
568 3093 754 3178 singillatim
779 3095 983 3178 quaestiones
1002 3096 1232 3178 grammaticas
1247 3095 1405 3159 tractauit
1508 3100 1510 3103 ’

332 3193 388 3248 aut
418 3183 657 3248 commentariis
680 3181 733 3246 hic
754 3180 832 3264 illic,
865 3205 949 3269 quae
972 3183 1012 3246 de
1034 3184 1249 3267 grammatica
1272 3185 1400 3270 excogi-

331 3284 470 3356 tauerat,
502 3272 686 3339 recondidit
719 3275 935 3357 seposuitque,
968 3271 1026 3335 sed
1060 3272 1160 3336 etiam
1183 3274 1337 3339 uniuersa
1361 3273 1404 3337 de

332 3374 402 3428 arte
426 3386 484 3428 sua
508 3364 643 3448 eiusque
666 3361 799 3425 historia
820 3361 985 3425 tractauit.
1022 3361 1095 3441 Quo
1119 3360 1159 3425 de
1185 3382 1302 3446 opere
1325 3363 1401 3447 pri-

332 3453 453 3517 mario
477 3473 561 3537 quae
582 3449 722 3516 habeam
745 3451 975 3536 expromenda,
999 3448 1155 3514 hocloco
1178 3452 1328 3516 adnexui.

422 3556 587 3638 Quantum
617 3557 725 3621 adhuc
748 3557 909 3638 uidemus,
944 3556 1092 3642 signiferi
1114 3558 1402 3641 grammaticorum

333 3648 450 3712 aetatis
472 3645 715 3711 Alexandrinae
739 3669 866 3728 munus,
891 3655 927 3709 ut
950 3644 1088 3730 singula,
1113 3667 1195 3731 quae
1218 3669 1277 3732 per
1300 3656 1404 3712 totam

332 3739 434 3803 uitam
474 3736 514 3800 de
552 3737 631 3800 artis
663 3736 847 3821 praeceptis
882 3746 916 3799 et
952 3734 1162 3820 dispositione
1193 3735 1403 3817 inuenerant,

422 3951 530 4022 ⁴⁷)r
479 3950 537 4005 Otr.
559 3948 848 4004 Susamihliuml.s
851 3948 936 4019 ..Ip
957 3949 1009 4002 219
1029 3965 1073 4018 sq.

420 4023 456 4093 ⁴⁸)
479 4021 536 4077 Cir.
565 4021 759 4076 Susemilium
786 4021 804 4073 l.
830 4038 854 4074 s.
877 4020 918 4074 Π.
946 4038 973 4090 p
999 4020 1050 4073 185
1075 4026 1105 4074 et
1128 4019 1330 4074 Wentzelium
1354 4037 1403 4090 ap.

331 4095 514 4150 Wissouam
533 4094 564 4146 ΙΙ
582 4112 610 4164 p.
631 4094 708 4146 1331.
1463 4110 1466 4114 ·

422 4164 455 4236 ⁴⁰)
477 4163 535 4218 Otr.
555 4165 729 4219 Kaibelium
747 4164 851 4218 Herm.
870 4162 926 4217 XV
945 4181 972 4233 p.
992 4161 1083 4231 45314.
