3384 5025
719 462 937 535 „.·3·9.0²

296 634 412 706 loxeuo
436 637 551 705 aetatis
574 638 795 725 reipublicae
820 638 949 723 liberae,
974 651 1011 705 ut
1033 641 1176 724 videtur,
1199 637 1361 727 philologo

295 731 504 795 vehementer
526 730 697 815 profligata
721 734 821 814 est⁷⁷)
845 739 878 793 et
897 730 1033 795 Neronis
1056 733 1261 817 imperatoris
1283 742 1362 797 tem-

295 818 427 907 poribus
450 820 568 883 seusim
592 820 660 883 sine
685 842 780 885 sensu
804 820 946 888 euanuit.
1079 830 1080 835 ’

384 909 481 973 Hanc
508 918 610 973 totam
636 907 730 973 Sexti
760 909 941 973 doctrinam
974 916 1007 973 et
1039 916 1162 991 aetate,
1196 933 1261 995 qua
1292 920 1363 977 orta

297 1008 359 1080 est,
383 1008 414 1062 et
437 998 554 1075 forma,
580 1020 644 1083 qua
667 999 815 1083 praedita
838 1008 900 1079 est,
924 996 1157 1081 Asclepiadeae
1179 1001 1242 1063 arti
1264 1024 1362 1086 quam

296 1089 402 1151 animo
426 1087 623 1168 effinximus,
647 1096 714 1151 tam
734 1087 871 1151 similem
886 1109 956 1151 esse
972 1087 1075 1168 uides,
1100 1097 1136 1151 ut
1151 1087 1362 1177 nihilsobstet,

247 1207 253 1210 <
296 1178 468 1263 quominus
506 1200 579 1241 eam
617 1198 634 1239 e
672 1175 765 1241 Sexti
808 1176 973 1261 farragine
1016 1198 1225 1261 recuperasse
1267 1179 1362 1244 nohis

295 1267 476 1331 uideamur.
523 1263 587 1331 Sed
620 1266 686 1330 iam
719 1266 1046 1351 circumspiciendum
1078 1274 1140 1343 ost,
1174 1289 1252 1331 num
1284 1268 1363 1333 alibi

296 1377 425 1443 quoque
449 1355 528 1419 artis
556 1353 641 1419 illius
669 1354 852 1437 fragmenta
879 1354 1013 1430 lateant,
1046 1376 1130 1439 qnae
1157 1356 1192 1419 in
1220 1356 1361 1444 aliquam

295 1445 449 1530 pristinae
481 1441 639 1507 ubertatis
672 1445 813 1529 speciem
845 1446 996 1529 componi
1028 1445 1160 1528 possint.
1217 1448 1363 1527 Quorum

296 1534 437 1599 indolem
461 1533 599 1597 eandem
622 1543 720 1618 atque
744 1556 865 1616 eorum,
889 1556 968 1619 quas
990 1534 1086 1597 modo
1110 1537 1362 1620 percensuimus,

296 1644 364 1687 esse
387 1620 526 1687 libenter
549 1622 714 1687 concedes.
752 1620 844 1702 Quae
868 1623 896 1686 si
916 1623 1077 1702 observas,
1103 1622 1187 1687 duae
1204 1625 1362 1709 στοιχείου

295 1712 542 1797 tripartitiones,
574 1734 658 1797 quae
691 1721 830 1775 aetatem
859 1710 1016 1792 tulerunt,
1045 1724 1233 1777 occurrunt:
1262 1738 1361 1779 unam

296 1801 395 1867 Stoici
420 1810 612 1883 statuerunt,
623 1800 664 1885 l8)
689 1801 894 1885 grammatici
916 1801 1026 1865 Latini
1049 1801 1166 1864 iterum
1181 1803 1362 1889 iterumque

296 1889 531 1973 attuleruntll)
557 1890 647 1954 cuius
663 1888 819 1975 partibile,
844 1911 926 1975 quae
942 1898 1095 1975 potestas,
1115 1912 1241 1972 nornen,
1258 1892 1362 1977 figura

297 1990 381 2062 sunt,
391 1979 568 2065 Tyrannio,
584 1989 620 2043 ut
630 1980 873 2065 quaternarium
882 2002 1053 2043 numerum
1063 2001 1156 2042 suum
1166 1982 1360 2063 restitueret,

296 2074 413 2157 σχῆμα,
437 2090 499 2153 quo
520 2068 583 2132 oris
599 2069 633 2132 in
649 2067 782 2153 singulis
798 2067 913 2133 litteris
929 2069 1179 2155 pronuntiandis
1194 2070 1361 2136 collocatio
1402 2077 1404 2080 ’

296 2158 512 2243 significatur,
542 2156 682 2239 addidit,
707 2170 742 2222 ut
766 2156 994 2242 Asclepiadem
1018 2179 1088 2221 eam
1114 2179 1157 2221 ex
1180 2157 1361 2224 Stoicorum

296 2248 508 2333 grammatica
541 2248 576 2310 in
614 2270 703 2310 suam
737 2246 937 2311 transtulisse
969 2245 1180 2332 probabiliter
1211 2249 1361 2315 concludi

295 2338 408 2422 possit3
434 2336 549 2418 altera,
577 2336 757 2400 secundum
781 2359 877 2421 quam
901 2341 1046 2419 στοιχεῖα
1070 2333 1249 2425 φωνήεντα,
1283 2331 1362 2428 ἡμί-

298 2451 411 2516 φωνα,
443 2420 554 2514 ''cprovu
588 2426 845 2511 distinguuntur,
879 2423 920 2488 ab
953 2424 1129 2491 Aristotele
1160 2424 1180 2497 l.
1205 2449 1230 2491 s.
1257 2450 1284 2491 c.
1319 2431 1361 2494 20

295 2539 326 2600 p.
338 2515 447 2582 rhabb
459 2519 498 2580 21
508 2538 553 2601 sq.
564 2527 596 2580 et
606 2516 793 2601 aDionysio
802 2513 1082 2580 Halicarnassensi
1091 2515 1168 2602 περὶ
1178 2518 1362 2601 συνθέσεως

299 2601 457 2689 ὄνομ’νων
482 2627 510 2668 c.
539 2607 590 2688 14,
618 2627 713 2691 quem
729 2605 913 2670 Aristotelis
936 2607 1063 2690 poetica
1085 2627 1150 2669 non
1173 2628 1268 2670 usum
1291 2629 1361 2672 esse

299 2693 422 2758 Uahlen
455 2693 558 2758 Relat.
593 2695 660 2758 ord.
694 2693 802 2779 philol.
836 2703 868 2758 et
900 2693 972 2762 hist.
1002 2694 1095 2758 acad.
1127 2693 1190 2757 litt.
1217 2695 1360 2760 Uindob.

296 2783 357 2852 nol.
382 2782 460 2846 LVI
481 2805 513 2867 p.
532 2785 596 2850 225
621 2783 868 2865 demonstrauit,
896 2792 1026 2847 seruata
1048 2792 1111 2863 est,
1139 2785 1231 2848 cuius
1253 2795 1361 2871 partes

297 2872 338 2936 ab
356 2873 551 2938 Aristoxeno
575 2873 662 2956 apud
679 2873 871 2958 Dionysium
891 2871 911 2936 l.
927 2895 952 2936 s.
969 2895 993 2936 s.
1012 2881 1045 2937 et
1060 2873 1219 2980 Dionpsio
1235 2873 1361 2938 Thrace

296 2963 330 3026 in
354 2972 424 3026 arte
456 2984 488 3048 p.
506 2963 579 3047 9sq.
602 2961 643 3026 U.
672 2962 718 3026 ita
750 2960 918 3027 adhibitae
951 2971 1040 3039 sunt,
1072 2971 1108 3026 ut
1140 2962 1296 3053 qpr'qrovo
1329 2975 1361 3030 et
1447 2966 1450 2970 ’

297 3040 412 3140 ἄφωνα
436 3049 631 3138 συμφώνως,
657 3073 740 3137 quae
761 3048 939 3140 φωνήεισιν
954 3053 1102 3138 opposita
1117 3063 1202 3135 sunt,
1226 3053 1360 3118 subsint.

295 3139 402 3220 Quam
431 3140 621 3204 diuisionem
648 3163 752 3226 usque
780 3139 822 3204 ad
845 3142 974 3204 initium
996 3142 1112 3205 aetatis
1134 3143 1361 3225 imperatoriae

295 3239 406 3294 notam
428 3229 527 3295 fuisse
551 3251 625 3293 cum
649 3229 855 3294 statuendum
883 3231 938 3312 sit,
966 3228 1055 3295 haud
1078 3229 1291 3316 improbabile
1313 3243 1362 3296 est

295 3319 523 3404 Asclepiadem
551 3341 622 3382 eam
649 3319 751 3405 priori
778 3319 950 3400 adiecisse,
979 3330 1015 3384 ut
1042 3341 1116 3382 eum
1143 3319 1239 3383 simili
1266 3320 1361 3385 modo

294 3408 469 3493 primariae
493 3409 659 3492 partitioni
683 3407 783 3494 partis
808 3407 979 3473 historicae
1002 3407 1227 3473 secundariam
1242 3430 1361 3494 rerum,

296 3519 378 3582 quac
410 3496 534 3561 laxiore
567 3497 706 3584 quodam
738 3497 868 3560 uinculo
901 3519 976 3561 cum
1007 3496 1141 3562 historia
1169 3499 1362 3563 coniunctae

296 3596 381 3662 sunt,
420 3586 583 3651 addidisse
621 3609 718 3672 supra
749 3585 900 3649 uidimus.
955 3588 1028 3651 Iam
1061 3587 1104 3650 ad
1134 3585 1229 3651 huius
1260 3591 1361 3672 partis

295 3677 441 3740 notitiam
457 3675 611 3740 nonnulla
627 3676 793 3740 afferenda
802 3687 883 3740 sunt.
917 3674 1104 3740 Glossarum
1114 3677 1362 3761 tripartitionem

383 3852 419 3922 ⁷⁷)
440 3851 497 3907 Otr.
518 3853 555 3906 H.
576 3853 740 3908 Kleistium
764 3853 808 3906 De
833 3853 993 3907 Philoxeni
1016 3852 1126 3906 studiis
1151 3855 1361 3926 etymologicis

295 3941 322 3994 p.
342 3926 374 3978 41
395 3943 437 3994 sq.
459 3929 488 3978 et
507 3924 779 3978 Reitzensteinium
797 3925 816 3977 l.
836 3943 859 3978 s.
880 3944 907 3995 p.
928 3927 987 3978 179.

383 3995 417 4066 78)
439 3994 497 4049 Cir.
518 3997 604 4066 Diog.
624 3997 723 4049 Laert.
744 3995 800 4078 Vll
819 3997 862 4050 56.
1354 4063 1361 4080 ›

384 4067 418 4138 ⁷⁹)
441 4065 498 4121 Otr.
521 4066 553 4120 Ο.
573 4066 757 4122 Froehdium
784 4065 1005 4138 Aniangsgrde.
1027 4067 1052 4121 d.
1073 4075 1146 4122 rbm.
1166 4068 1353 4122 Grannnatik

192 4196 195 4202 ,
295 4155 322 4210 p.
342 4138 374 4193 75
394 4157 437 4210 sq.
