3384 5025
755 446 974 511 ..26-

301 649 394 693 σεται
418 624 475 691 τὸν
497 616 582 711 ὅρον,
606 622 745 711 ἐπείπερ
768 610 864 702 οὗτος
884 623 945 707 μὲν
964 622 1057 705 τνχὸν
1075 620 1156 701 ἴσως
1174 620 1372 713 ἐπιστήμων

302 714 371 781 ἐστὶ
398 718 463 779 τῶν
491 712 584 799 παρὰ
613 718 771 823 ποιηταῖς
798 737 833 779 τε
857 713 915 779 καὶ
938 735 1153 822 σιγγραφετσι
1180 667 1371 821 λιγομδνων,

302 798 466 914 δλιγάγλιον
503 801 678 881 καθεστώς
716 801 806 913 ζηλον,
849 794 868 907 6
911 800 948 867 66
985 796 1195 906 γραμματικὴ
1234 800 1372 908 πάντωη

301 881 459 1007 εἴδησις.
472 884 580 999 [74].‘
582 883 682 959 0767
704 889 741 957 66
764 892 824 975 μὲν
847 887 991 969 αλλάξοις
1012 896 1070 957 τοῦ
1094 884 1168 998 ὅρον
1183 885 1309 970 τοτ’τον,
1333 885 1371 958 τδ

302 982 332 1047 δ’
356 976 479 1049 ανελαν
502 1005 606 1059 ουτως
628 970 819 1090 676066'66766
842 984 902 1090 τῆς
916 984 1143 1087 γραμματικῆς
1160 977 1219 1068 767
1235 976 1372 1046 ἔννοιαν

302 1064 511 1158 γραμματικὴ
527 1070 595 1137 ἐστι
609 1068 702 1158 τέχνη
717 1072 782 1135 τῶν
797 1068 892 1156 παρά
908 1074 1069 1157 ποιηταῖς
1083 1068 1139 1134 καὶ
1155 1074 1372 1156 συγγραφεῦσι

301 1159 418 1243 λεομ
401 1184 491 1225 ενων.

338 1186 398 1247 W
390 1247 434 1311 Π.
460 1246 580 1312 Sextus
617 1244 713 1333 Emp.
746 1246 766 1316 1
802 1269 826 1311 τ.
860 1270 885 1313 s.
919 1254 1090 1331 postquam
1119 1246 1197 1311 inde
1228 1270 1248 1311 a
1282 1249 1373 1331 §44

301 1358 332 1423 p
358 1338 508 1418 608,17
534 1336 572 1401 B
595 1335 658 1400 duo
680 1336 916 1421 grammaticae
938 1357 1072 1421 genera,
1102 1335 1252 1418 inferius,
1285 1336 1373 1423 quod

301 1427 432 1530 prppria
465 1422 728 1513 γραμματιστική
755 1436 938 1505 vocaretur,
966 1434 998 1489 et
1026 1424 1185 1508 superius,
1214 1426 1334 1512 quod'
1324 1447 1373 1489 m·

302 1516 415 1601 primis
431 1514 521 1579 Arist
508 1512 670 1600 tophanis,
687 1512 881 1596 Aristarchi,
910 1512 1053 1579 Cratetis
1076 1513 1190 1577 studiis
1206 1514 1373 1579 excultum

303 1612 400 1685 esset,
425 1602 570 1667 breuiter
591 1604 796 1687 perstrinxit,
819 1563 1049 1689 Asclepiadem
1072 1612 1202 1667 secutus
1225 1602 1307 1668 haec
1331 1602 1372 1668 de

302 1653 404 1757 alter6
431 1714 552 1777 genere
577 1693 729 1777 exposuit
752 1690 932 1801 ξ47γ9ρ.
958 1694 1038 1771 609,
1069 1691 1259 1757 5—31B.:
1290 1691 1371 1796 τάχα

302 1772 407 1862 δέ,
381 1808 426 1860 ως
453 1782 554 1869 φασὶν
585 1778 616 1847 ολ
646 1781 747 1888 περὶ
753 1740 1090 1888 667’7167667666667,
1114 1779 1171 1887 ηαὶ
1196 1775 1276 1886 6666
1300 1771 1374 1847 6766

300 1871 361 1956 μὲν
392 1874 460 1937 τῶν
491 1870 689 1977 γραμμάτων
724 1862 924 1975 ὠνόμασται,
964 1859 1024 1981 0676
1060 1862 1132 1937 6766
1163 1863 1288 1937 τοτ’των
1326 1869 1372 1948 66,

302 1950 373 2066 ἀφ)
391 1951 471 2025 ὦν
463 1959 519 2025 καὶ
544 1952 564 2048 6
593 1957 922 2069 γραμματγστικὴ,
894 1950 1005 2026 ἄλλ’
965 1955 1095 2064 εκείνη
1117 1959 1186 2042 μέν,
1212 1954 1257 2039 ὡς
1279 1957 1371 2069 ἔφην,

303 2044 375 2116 απδ
405 2053 470 2114 τῶν
502 2072 684 2132 στοιχειων,
698 2073 800 2156 αντη
834 2042 922 2113 δὲ’
903 2042 975 2156 απδ
1008 2053 1072 2113 τῶν
1104 2045 1371 2156 συγγραμμάτων,

303 2137 394 2244 περὶ
397 2130 447 2217 οἷς
463 2144 627 2205 πονεῖται·
644 2133 822 2225 γράμματα
838 2132 909 2245 γάρ
914 2136 969 2203 καὶ
985 2142 1089 2203 ταῦτα
1099 2134 1370 2244 προσηγορεύετο,

302 2222 396 2292 6676
419 2226 476 2334 ηαδ
499 2225 643 2337 δηγγόσια
666 2228 825 2334 καλοῦμεν
849 2224 1024 2336 γράμματα
1051 2224 1106 2292 καὶ
1136 2228 1273 2293 πολλῶν
1299 2252 1373 2292 τινα

304 2312 522 2424 γραμμάτων
536 2315 694 2421 ἔμπειρον
725 2308 881 2423 ὑπάρχειν
907 2314 1025 2402 φαμέν,
1059 2314 1225 2381 τουτέστιν
1248 2308 1285 2381 06
1307 2319 1372 2381 τῶν

303 2403 480 2488 στοιχείων,
504 2398 588 2514 6666
606 2409 672 2468 τῶν
672 2401 954 2514 σιγγραιιμάτων
980 2401 1051 2492 [48]
1076 2402 1145 2470 Καὶ
1161 2402 1373 2509 Καλλίμαχος

304 2494 342 2562 δέ
364 2494 447 2562 ποτὲ
469 2494 530 2599 6667
552 2492 590 2562 66
615 2490 774 2581 ποίημα
768 2494 878 2560 καλῶν
893 2486 1034 2582 γράμμα,
1059 2518 1145 2561 ποτε
1166 2488 1252 2560 66
1217 2520 1254 2560 60
1270 2521 1373 2560 κατα-

304 2577 446 2673 λογάδην
469 2577 662 2672 σύγγραμμα
687 2583 769 2672 φησὶ
793 2581 857 2668 (ep
882 2585 902 2648 6
926 2582 1015 2670 Wil.)

393 2725 593 2838 Κρεωφύλου
616 2720 719 2804 πὸνος
741 2722 782 2810 εἷγ
783 2724 809 2790 76
833 2722 925 2832 δόμῳ
949 2725 1034 2792 ποτὲ
1059 2730 1153 2790 θεῖον
1175 2719 1289 2792 ἆοιδόν

453 2816 638 2923 δεξαμὲηοα,
663 2813 762 2881 ιλείω
770 2753 816 2919 λδ
834 2807 1015 2919 16666607‘'
998 2837 1058 2881 οσσ
1092 2811 1225 2881 ἔπαθεν
1315 2897 1320 2900 ¹

393 2903 461 2970 Καὶ
485 2900 608 3012 ξανθὴν
592 2898 771 2983 νΙόλειαν,
795 2895 971 2993 Ογιήρειον
993 2904 1030 2969 66
1053 2904 1212 2987 καλετμαι

457 2990 599 3080 γράμμα
640 2989 837 3079 Κρειοιγιδλιμ,
862 2996 926 3059 Ζεῦ
948 2991 1034 3081 φίλε,
1060 3017 1155 3058 τουτο
1178 2992 1272 3080 μέγα.

304 3118 359 3185 ιιαὶ
385 3114 489 3222 πάλιν
512 3119 576 3204 (ep.
602 3119 644 3183 23
668 3116 759 3200 Wil)

394 3239 495 3324 εἶπας
516 3236 598 3355 6666
619 3235 719 3354 66696
744 3243 972 3357 Κλεόμβροτος
992 3237 1252 3355 Ἀμπρακιώτης

456 3328 540 3424 η’λατ
574 3360 637 3445 αφ
657 3337 783 3442 τμηλαῖ
804 3334 923 3440 τείχεος
946 3358 991 3414 εις
1010 3324 1129 3443 Αίδην,

395 3373 486 3536 αξιογ
510 3419 602 3490 06667
626 3420 707 3533 66667
728 3418 877 3491 θανάτου
900 3424 1000 3504 τέλος,
1026 3419 1111 3489 ἄλλα
1134 3420 1349 3503 Πλάτωνος

456 3510 490 3577 ‘67
512 3509 550 3579 τδ
575 3513 651 3600 περὶ
676 3529 724 3598 ηιι
724 3540 782 3603 γης
804 3540 912 3601 γραμμ
912 3507 1191 3596 ἀναλεξάμενος

306 3701 307 3706 1
395 3657 462 3762 [49]
499 3651 593 3766 Πληη
625 3657 737 3762 διττῆς
769 3645 867 3744 ολσης
900 3660 1137 3761 γραμματικῆς,
1171 3660 1261 3765 τηςγ
1248 3655 1309 3739 μὲν
1332 3651 1375 3722 66

306 3750 448 3826 στοιχεῖα
472 3745 529 3855 γαλ
553 3742 611 3849 τδγς
634 3741 756 3811 τούτων
779 3739 973 3849 σομπλοκδγς
991 3696 1157 3811 διδάσκειν
1169 3744 1376 3853 ἐπαγγελλο-

305 3833 403 3938 μένης
424 3833 511 3900 καὶ
505 3826 712 3900 καθόλου
676 3859 787 3921 τεχνης
809 3829 895 3913 τινδς
919 3821 1036 3939 σι”σης
1037 3839 1094 3900 τοῖ
1118 3830 1251 3942 γράφειν
1266 3859 1302 3899 τε
1317 3833 1374 3900 καὶ

306 3913 545 4030 ολναγινιδσιειν,
578 3928 636 4012 της
667 3923 703 4031 66
726 3922 914 4031 βαθυτέρας
944 3916 1038 4009 παρὰ
1066 3920 1186 4026 ταύτην
1201 3919 1376 4032 δυνάμεως

307 4005 365 4078 067
397 4012 430 4076 ἐν
459 4013 543 4116 6666
571 4010 768 4118 γραμμάτων
792 4008 906 4099 γνώσει
934 4010 1093 4116 νειμένης,
1128 4002 1212 4121 6666
1240 4005 1300 4078 κάν
1327 4038 1374 4123 τγμ

306 4100 413 4176 ἒξετά,
414 4125 462 4165 ειν
485 4127 542 4190 τιν
565 4094 685 4188 εἰρεσιν
709 4091 815 4166 αὗτιῦν
838 4100 894 4167 καὶ
919 4127 978 4165 ττν
1002 4125 1113 4188 ιγισιι,
1140 4097 1186 4166 ἔτι
1212 4100 1248 4166 66
1272 4099 1312 4166 66
1337 4101 1376 4167 67
