<?xml version="1.0" encoding="UTF-8"?>
<!DOCTYPE html PUBLIC "-//W3C//DTD XHTML 1.0 Transitional//EN"
    "http://www.w3.org/TR/xhtml1/DTD/xhtml1-transitional.dtd">
<html xmlns="http://www.w3.org/1999/xhtml" xml:lang="en" lang="en">
 <head>
  <title>
</title>
<meta http-equiv="Content-Type" content="text/html;charset=utf-8" />
  <meta name='ocr-system' content='tesseract 3.04.00' />
  <meta name='ocr-capabilities' content='ocr_page ocr_carea ocr_par ocr_line ocrx_word'/>
</head>
<body>
  <div class='ocr_page' id='page_1' title='image "./deasclepiademyr00muelgoog_0048.png"; bbox 0 0 3384 5025; ppageno 0'>
   <div class='ocr_carea' id='block_1_1' title="bbox 737 471 960 582">
    <p class='ocr_par' dir='ltr' id='par_1_1' title="bbox 737 471 960 582">
     <span class='ocr_line' id='line_1_1' title="bbox 737 471 960 582; baseline 0.013 -2"><span class='ocrx_word' id='word_1_1' title='bbox 737 471 960 582; x_wconf 38' lang='grc' dir='ltr'>--46ψ-1</span> 
     </span>
    </p>
   </div>
   <div class='ocr_carea' id='block_1_2' title="bbox 309 694 1409 3634">
    <p class='ocr_par' dir='ltr' id='par_1_2' title="bbox 309 694 1409 1207">
     <span class='ocr_line' id='line_1_2' title="bbox 311 694 1379 783; baseline -0.001 -21"><span class='ocrx_word' id='word_1_2' title='bbox 311 697 425 783; x_wconf 83' lang='lat' dir='ltr'>Neque</span> <span class='ocrx_word' id='word_1_3' title='bbox 450 698 549 782; x_wconf 88' lang='lat' dir='ltr'>igitur</span> <span class='ocrx_word' id='word_1_4' title='bbox 571 695 790 782; x_wconf 80' lang='lat' dir='ltr'>principatum</span> <span class='ocrx_word' id='word_1_5' title='bbox 806 694 891 758; x_wconf 86' lang='lat' dir='ltr'>inter</span> <span class='ocrx_word' id='word_1_6' title='bbox 907 695 1067 781; x_wconf 87' lang='lat' dir='ltr'>Hesychii</span> <span class='ocrx_word' id='word_1_7' title='bbox 1082 707 1228 762; x_wconf 84' lang='lat' dir='ltr'>auctores</span> <span class='ocrx_word' id='word_1_8' title='bbox 1245 696 1379 779; x_wconf 88' lang='lat' dir='ltr'>obtinet,</span> 
     </span>
     <span class='ocr_line' id='line_1_3' title="bbox 309 783 1379 871; baseline 0 -20"><span class='ocrx_word' id='word_1_9' title='bbox 309 786 369 852; x_wconf 88' lang='lat' dir='ltr'>sod</span> <span class='ocrx_word' id='word_1_10' title='bbox 402 784 588 850; x_wconf 87' lang='lat' dir='ltr'>auctoribus</span> <span class='ocrx_word' id='word_1_11' title='bbox 620 783 779 849; x_wconf 85' lang='lat' dir='ltr'>secundas</span> <span class='ocrx_word' id='word_1_12' title='bbox 810 783 862 847; x_wconf 87' lang='lat' dir='ltr'>uel</span> <span class='ocrx_word' id='word_1_13' title='bbox 890 786 1003 849; x_wconf 89' lang='lat' dir='ltr'>tertias</span> <span class='ocrx_word' id='word_1_14' title='bbox 1025 798 1134 871; x_wconf 92' lang='lat' dir='ltr'>partes</span> <span class='ocrx_word' id='word_1_15' title='bbox 1158 786 1379 851; x_wconf 81' lang='lat' dir='ltr'>obtinentibus</span> 
     </span>
     <span class='ocr_line' id='line_1_4' title="bbox 311 872 1379 961; baseline -0.002 -21"><span class='ocrx_word' id='word_1_16' title='bbox 311 875 503 941; x_wconf 87' lang='lat' dir='ltr'>inserendus</span> <span class='ocrx_word' id='word_1_17' title='bbox 535 884 598 957; x_wconf 80' lang='lat' dir='ltr'>est3</span> <span class='ocrx_word' id='word_1_18' title='bbox 632 885 730 961; x_wconf 89' lang='lat' dir='ltr'>atque</span> <span class='ocrx_word' id='word_1_19' title='bbox 763 894 841 937; x_wconf 87' lang='lat' dir='ltr'>sano</span> <span class='ocrx_word' id='word_1_20' title='bbox 873 872 967 958; x_wconf 89' lang='lat' dir='ltr'>plura</span> <span class='ocrx_word' id='word_1_21' title='bbox 998 897 1096 960; x_wconf 92' lang='lat' dir='ltr'>quam</span> <span class='ocrx_word' id='word_1_22' title='bbox 1129 898 1216 939; x_wconf 90' lang='lat' dir='ltr'>nunc</span> <span class='ocrx_word' id='word_1_23' title='bbox 1250 875 1379 940; x_wconf 89' lang='lat' dir='ltr'>definiri</span> 
     </span>
     <span class='ocr_line' id='line_1_5' title="bbox 311 961 1381 1051; baseline -0.002 -22"><span class='ocrx_word' id='word_1_24' title='bbox 311 975 417 1051; x_wconf 84' lang='lat' dir='ltr'>potest</span> <span class='ocrx_word' id='word_1_25' title='bbox 438 966 506 1028; x_wconf 87' lang='lat' dir='ltr'>eius</span> <span class='ocrx_word' id='word_1_26' title='bbox 527 963 711 1049; x_wconf 83' lang='lat' dir='ltr'>fragmenta</span> <span class='ocrx_word' id='word_1_27' title='bbox 735 963 769 1025; x_wconf 90' lang='lat' dir='ltr'>iu</span> <span class='ocrx_word' id='word_1_28' title='bbox 791 961 929 1026; x_wconf 85' lang='lat' dir='ltr'>colluvie</span> <span class='ocrx_word' id='word_1_29' title='bbox 945 964 1162 1050; x_wconf 88' lang='lat' dir='ltr'>onomatologi</span> <span class='ocrx_word' id='word_1_30' title='bbox 1179 964 1381 1050; x_wconf 90' lang='lat' dir='ltr'>Hesychiani</span> 
     </span>
     <span class='ocr_line' id='line_1_6' title="bbox 311 1050 1409 1139; baseline -0.004 -22"><span class='ocrx_word' id='word_1_31' title='bbox 311 1054 424 1135; x_wconf 86' lang='lat' dir='ltr'>latent,</span> <span class='ocrx_word' id='word_1_32' title='bbox 449 1076 531 1138; x_wconf 91' lang='lat' dir='ltr'>quae</span> <span class='ocrx_word' id='word_1_33' title='bbox 556 1055 680 1117; x_wconf 88' lang='lat' dir='ltr'>utinam</span> <span class='ocrx_word' id='word_1_34' title='bbox 704 1050 879 1137; x_wconf 85' lang='lat' dir='ltr'>aliquando</span> <span class='ocrx_word' id='word_1_35' title='bbox 903 1053 1097 1118; x_wconf 80' lang='lat' dir='ltr'>certioribus</span> <span class='ocrx_word' id='word_1_36' title='bbox 1121 1053 1250 1117; x_wconf 89' lang='lat' dir='ltr'>indiciis</span> <span class='ocrx_word' id='word_1_37' title='bbox 1266 1076 1409 1139; x_wconf 48' lang='lat' dir='ltr'>agnos-2</span> 
     </span>
     <span class='ocr_line' id='line_1_7' title="bbox 310 1153 894 1207; baseline -0.012 0"><span class='ocrx_word' id='word_1_38' title='bbox 310 1153 434 1207; x_wconf 87' lang='lat' dir='ltr'>cantur.</span> <span class='ocrx_word' id='word_1_39' title='bbox 891 1157 894 1162; x_wconf 69' lang='grc'>’</span> 
     </span>
    </p>

    <p class='ocr_par' dir='ltr' id='par_1_3' title="bbox 309 1230 1382 2454">
     <span class='ocr_line' id='line_1_8' title="bbox 402 1230 1378 1317; baseline 0 -22"><span class='ocrx_word' id='word_1_40' title='bbox 402 1232 482 1297; x_wconf 83' lang='lat' dir='ltr'>Erat</span> <span class='ocrx_word' id='word_1_41' title='bbox 511 1231 613 1316; x_wconf 84' lang='lat' dir='ltr'>igitur</span> <span class='ocrx_word' id='word_1_42' title='bbox 644 1241 748 1295; x_wconf 89' lang='lat' dir='ltr'>totum</span> <span class='ocrx_word' id='word_1_43' title='bbox 780 1250 861 1314; x_wconf 91' lang='lat' dir='ltr'>opus</span> <span class='ocrx_word' id='word_1_44' title='bbox 888 1230 935 1293; x_wconf 89' lang='lat' dir='ltr'>ita</span> <span class='ocrx_word' id='word_1_45' title='bbox 957 1232 1181 1317; x_wconf 87' lang='lat' dir='ltr'>compositum,</span> <span class='ocrx_word' id='word_1_46' title='bbox 1214 1240 1249 1295; x_wconf 88' lang='lat' dir='ltr'>ut</span> <span class='ocrx_word' id='word_1_47' title='bbox 1272 1233 1378 1317; x_wconf 91' lang='lat' dir='ltr'>priore</span> 
     </span>
     <span class='ocr_line' id='line_1_9' title="bbox 311 1318 1381 1407; baseline -0.002 -22"><span class='ocrx_word' id='word_1_48' title='bbox 311 1332 415 1407; x_wconf 91' lang='lat' dir='ltr'>parte,</span> <span class='ocrx_word' id='word_1_49' title='bbox 440 1342 523 1406; x_wconf 88' lang='lat' dir='ltr'>quae</span> <span class='ocrx_word' id='word_1_50' title='bbox 546 1340 649 1405; x_wconf 93' lang='lat' dir='ltr'>usque</span> <span class='ocrx_word' id='word_1_51' title='bbox 673 1318 715 1383; x_wconf 89' lang='lat' dir='ltr'>ad</span> <span class='ocrx_word' id='word_1_52' title='bbox 740 1327 891 1403; x_wconf 90' lang='lat' dir='ltr'>quartum</span> <span class='ocrx_word' id='word_1_53' title='bbox 914 1318 969 1383; x_wconf 92' lang='lat' dir='ltr'>uel</span> <span class='ocrx_word' id='word_1_54' title='bbox 985 1321 1131 1405; x_wconf 89' lang='lat' dir='ltr'>quintum</span> <span class='ocrx_word' id='word_1_55' title='bbox 1148 1320 1267 1385; x_wconf 90' lang='lat' dir='ltr'>librum</span> <span class='ocrx_word' id='word_1_56' title='bbox 1282 1322 1381 1406; x_wconf 88' lang='lat' dir='ltr'>perti-</span> 
     </span>
     <span class='ocr_line' id='line_1_10' title="bbox 312 1408 1380 1495; baseline -0.001 -21"><span class='ocrx_word' id='word_1_57' title='bbox 312 1409 419 1493; x_wconf 87' lang='lat' dir='ltr'>nebat,</span> <span class='ocrx_word' id='word_1_58' title='bbox 448 1408 662 1495; x_wconf 85' lang='lat' dir='ltr'>grammatica</span> <span class='ocrx_word' id='word_1_59' title='bbox 685 1409 757 1492; x_wconf 91' lang='lat' dir='ltr'>ipsa</span> <span class='ocrx_word' id='word_1_60' title='bbox 779 1417 976 1472; x_wconf 86' lang='lat' dir='ltr'>tractaretur</span> <span class='ocrx_word' id='word_1_61' title='bbox 999 1420 1032 1473; x_wconf 91' lang='lat' dir='ltr'>et</span> <span class='ocrx_word' id='word_1_62' title='bbox 1057 1410 1258 1474; x_wconf 89' lang='lat' dir='ltr'>divideretur</span> <span class='ocrx_word' id='word_1_63' title='bbox 1281 1421 1380 1495; x_wconf 88' lang='lat' dir='ltr'>atque</span> 
     </span>
     <span class='ocr_line' id='line_1_11' title="bbox 310 1498 1382 1585; baseline -0.002 -22"><span class='ocrx_word' id='word_1_64' title='bbox 310 1500 390 1565; x_wconf 91' lang='lat' dir='ltr'>artis</span> <span class='ocrx_word' id='word_1_65' title='bbox 423 1508 599 1585; x_wconf 88' lang='lat' dir='ltr'>praecepta</span> <span class='ocrx_word' id='word_1_66' title='bbox 628 1498 883 1583; x_wconf 83' lang='lat' dir='ltr'>explicarentur,</span> <span class='ocrx_word' id='word_1_67' title='bbox 921 1499 1096 1583; x_wconf 89' lang='lat' dir='ltr'>posteriore</span> <span class='ocrx_word' id='word_1_68' title='bbox 1127 1512 1220 1584; x_wconf 88' lang='lat' dir='ltr'>parte</span> <span class='ocrx_word' id='word_1_69' title='bbox 1252 1499 1329 1563; x_wconf 91' lang='lat' dir='ltr'>inde</span> <span class='ocrx_word' id='word_1_70' title='bbox 1362 1521 1382 1561; x_wconf 92' lang='lat' dir='ltr'>a</span> 
     </span>
     <span class='ocr_line' id='line_1_12' title="bbox 311 1582 1381 1673; baseline -0.002 -20"><span class='ocrx_word' id='word_1_71' title='bbox 311 1600 404 1653; x_wconf 84' lang='lat' dir='ltr'>sexto</span> <span class='ocrx_word' id='word_1_72' title='bbox 437 1586 581 1673; x_wconf 78' lang='lat' dir='ltr'>libr0,⁸⁹)</span> <span class='ocrx_word' id='word_1_73' title='bbox 620 1588 653 1651; x_wconf 90' lang='lat' dir='ltr'>in</span> <span class='ocrx_word' id='word_1_74' title='bbox 690 1609 752 1673; x_wconf 94' lang='lat' dir='ltr'>quo</span> <span class='ocrx_word' id='word_1_75' title='bbox 777 1582 929 1671; x_wconf 89' lang='lat' dir='ltr'>Orpheus</span> <span class='ocrx_word' id='word_1_76' title='bbox 951 1588 1003 1650; x_wconf 84' lang='lat' dir='ltr'>vir</span> <span class='ocrx_word' id='word_1_77' title='bbox 1031 1587 1147 1652; x_wconf 85' lang='lat' dir='ltr'>aetatis</span> <span class='ocrx_word' id='word_1_78' title='bbox 1174 1589 1381 1653; x_wconf 87' lang='lat' dir='ltr'>Pisistrateae</span> 
     </span>
     <span class='ocr_line' id='line_1_13' title="bbox 310 1674 1380 1759; baseline -0.001 -17"><span class='ocrx_word' id='word_1_79' title='bbox 310 1675 636 1756; x_wconf 85' lang='lat' dir='ltr'>commemorabatur,</span> <span class='ocrx_word' id='word_1_80' title='bbox 672 1676 836 1759; x_wconf 88' lang='lat' dir='ltr'>temporis,</span> <span class='ocrx_word' id='word_1_81' title='bbox 868 1687 904 1739; x_wconf 94' lang='lat' dir='ltr'>ut</span> <span class='ocrx_word' id='word_1_82' title='bbox 938 1674 1077 1758; x_wconf 89' lang='lat' dir='ltr'>uidetur,</span> <span class='ocrx_word' id='word_1_83' title='bbox 1113 1677 1227 1742; x_wconf 87' lang='lat' dir='ltr'>ordine</span> <span class='ocrx_word' id='word_1_84' title='bbox 1252 1688 1380 1742; x_wconf 89' lang='lat' dir='ltr'>seruato</span> 
     </span>
     <span class='ocr_line' id='line_1_14' title="bbox 309 1764 1380 1853; baseline -0.001 -23"><span class='ocrx_word' id='word_1_85' title='bbox 309 1766 515 1853; x_wconf 86' lang='lat' dir='ltr'>grammatici</span> <span class='ocrx_word' id='word_1_86' title='bbox 538 1764 722 1830; x_wconf 88' lang='lat' dir='ltr'>clarrissimi</span> <span class='ocrx_word' id='word_1_87' title='bbox 750 1786 925 1850; x_wconf 86' lang='lat' dir='ltr'>eorumque</span> <span class='ocrx_word' id='word_1_88' title='bbox 957 1765 1065 1829; x_wconf 89' lang='lat' dir='ltr'>studia</span> <span class='ocrx_word' id='word_1_89' title='bbox 1093 1777 1125 1831; x_wconf 86' lang='lat' dir='ltr'>et</span> <span class='ocrx_word' id='word_1_90' title='bbox 1153 1787 1252 1852; x_wconf 84' lang='lat' dir='ltr'>opera</span> <span class='ocrx_word' id='word_1_91' title='bbox 1275 1767 1380 1851; x_wconf 91' lang='lat' dir='ltr'>copio-</span> 
     </span>
     <span class='ocr_line' id='line_1_15' title="bbox 311 1853 1381 1943; baseline 0 -23"><span class='ocrx_word' id='word_1_92' title='bbox 311 1856 435 1921; x_wconf 86' lang='lat' dir='ltr'>sissimo</span> <span class='ocrx_word' id='word_1_93' title='bbox 458 1864 738 1940; x_wconf 85' lang='lat' dir='ltr'>percenserentur,</span> <span class='ocrx_word' id='word_1_94' title='bbox 771 1864 870 1938; x_wconf 87' lang='lat' dir='ltr'>atque</span> <span class='ocrx_word' id='word_1_95' title='bbox 893 1853 1133 1919; x_wconf 87' lang='lat' dir='ltr'>inscribebatur</span> <span class='ocrx_word' id='word_1_96' title='bbox 1167 1857 1197 1919; x_wconf 89' lang='lat' dir='ltr'>ei</span> <span class='ocrx_word' id='word_1_97' title='bbox 1220 1862 1381 1943; x_wconf 89' lang='grc' dir='ltr'><em>Γραμμα-</em></span> 
     </span>
     <span class='ocr_line' id='line_1_16' title="bbox 311 1942 1379 2030; baseline -0.004 -19"><span class='ocrx_word' id='word_1_98' title='bbox 311 1942 397 2023; x_wconf 69' lang='lat' dir='ltr'>aad,</span> <span class='ocrx_word' id='word_1_99' title='bbox 429 1944 464 2008; x_wconf 92' lang='lat' dir='ltr'>id</span> <span class='ocrx_word' id='word_1_100' title='bbox 496 1944 582 2030; x_wconf 92' lang='lat' dir='ltr'>quod</span> <span class='ocrx_word' id='word_1_101' title='bbox 613 1944 690 2008; x_wconf 89' lang='lat' dir='ltr'>inde</span> <span class='ocrx_word' id='word_1_102' title='bbox 721 1942 877 2007; x_wconf 85' lang='lat' dir='ltr'>facillime</span> <span class='ocrx_word' id='word_1_103' title='bbox 905 1943 1054 2026; x_wconf 85' lang='lat' dir='ltr'>eflicitur,</span> <span class='ocrx_word' id='word_1_104' title='bbox 1082 1944 1169 2030; x_wconf 92' lang='lat' dir='ltr'>quod</span> <span class='ocrx_word' id='word_1_105' title='bbox 1198 1944 1292 2028; x_wconf 85' lang='lat' dir='ltr'>frgm.</span> <span class='ocrx_word' id='word_1_106' title='bbox 1317 1944 1379 2007; x_wconf 92' lang='lat' dir='ltr'>Ill.</span> 
     </span>
     <span class='ocr_line' id='line_1_17' title="bbox 311 2032 1380 2122; baseline -0.001 -23"><span class='ocrx_word' id='word_1_107' title='bbox 311 2034 388 2122; x_wconf 80' lang='grc' dir='ltr'><em>περὶ</em></span> <span class='ocrx_word' id='word_1_108' title='bbox 423 2039 657 2122; x_wconf 77' lang='grc' dir='ltr'><em>γραμματικῆς,</em></span> <span class='ocrx_word' id='word_1_109' title='bbox 690 2032 785 2117; x_wconf 87' lang='lat' dir='ltr'>frgm.</span> <span class='ocrx_word' id='word_1_110' title='bbox 811 2032 868 2096; x_wconf 88' lang='lat' dir='ltr'>Vl.</span> <span class='ocrx_word' id='word_1_111' title='bbox 903 2033 935 2097; x_wconf 75' lang='grc' dir='ltr'>ἐν</span> <span class='ocrx_word' id='word_1_112' title='bbox 967 2038 1014 2120; x_wconf 74' lang='grc' dir='ltr'>τῷ</span> <span class='ocrx_word' id='word_1_113' title='bbox 1046 2032 1129 2120; x_wconf 71' lang='grc' dir='ltr'>ἕκτῳ</span> <span class='ocrx_word' id='word_1_114' title='bbox 1161 2032 1280 2119; x_wconf 75' lang='grc' dir='ltr'><em>βιβλίῳ</em></span> <span class='ocrx_word' id='word_1_115' title='bbox 1317 2038 1380 2098; x_wconf 79' lang='grc' dir='ltr'>τῶν</span> 
     </span>
     <span class='ocr_line' id='line_1_18' title="bbox 311 2119 1378 2210; baseline -0.003 -23"><span class='ocrx_word' id='word_1_116' title='bbox 311 2129 554 2210; x_wconf 72' lang='grc' dir='ltr'><em>γραμματικῶν,</em></span> <span class='ocrx_word' id='word_1_117' title='bbox 583 2122 677 2207; x_wconf 87' lang='lat' dir='ltr'>frgm.</span> <span class='ocrx_word' id='word_1_118' title='bbox 701 2122 775 2187; x_wconf 89' lang='lat' dir='ltr'>Vll.</span> <span class='ocrx_word' id='word_1_119' title='bbox 799 2121 831 2187; x_wconf 79' lang='grc' dir='ltr'>ἐν</span> <span class='ocrx_word' id='word_1_120' title='bbox 854 2125 900 2207; x_wconf 77' lang='grc' dir='ltr'>τῷ</span> <span class='ocrx_word' id='word_1_121' title='bbox 924 2119 960 2186; x_wconf 78' lang='grc' dir='ltr'>ια</span> <span class='ocrx_word' id='word_1_122' title='bbox 982 2120 1058 2209; x_wconf 80' lang='grc' dir='ltr'><em>περὶ</em></span> <span class='ocrx_word' id='word_1_123' title='bbox 1082 2127 1313 2210; x_wconf 75' lang='grc' dir='ltr'><em>γραμμαιιιιιῦν</em></span> <span class='ocrx_word' id='word_1_124' title='bbox 1336 2121 1378 2185; x_wconf 84' lang='lat' dir='ltr'>le·</span> 
     </span>
     <span class='ocr_line' id='line_1_19' title="bbox 309 2210 1380 2297; baseline 0 -22"><span class='ocrx_word' id='word_1_125' title='bbox 309 2213 409 2297; x_wconf 89' lang='lat' dir='ltr'>gitur,</span> <span class='ocrx_word' id='word_1_126' title='bbox 441 2233 523 2297; x_wconf 88' lang='lat' dir='ltr'>quae</span> <span class='ocrx_word' id='word_1_127' title='bbox 556 2212 775 2296; x_wconf 87' lang='lat' dir='ltr'>discrepantia</span> <span class='ocrx_word' id='word_1_128' title='bbox 796 2210 1017 2295; x_wconf 88' lang='lat' dir='ltr'>inscriptionis</span> <span class='ocrx_word' id='word_1_129' title='bbox 1040 2212 1156 2296; x_wconf 88' lang='lat' dir='ltr'>operis,</span> <span class='ocrx_word' id='word_1_130' title='bbox 1186 2213 1380 2297; x_wconf 89' lang='lat' dir='ltr'>cuicumque</span> 
     </span>
     <span class='ocr_line' id='line_1_20' title="bbox 312 2299 1381 2387; baseline -0.001 -22"><span class='ocrx_word' id='word_1_131' title='bbox 312 2300 520 2385; x_wconf 84' lang='lat' dir='ltr'>neglegentia</span> <span class='ocrx_word' id='word_1_132' title='bbox 552 2301 758 2387; x_wconf 92' lang='lat' dir='ltr'>antiquorum</span> <span class='ocrx_word' id='word_1_133' title='bbox 790 2300 823 2363; x_wconf 92' lang='lat' dir='ltr'>in</span> <span class='ocrx_word' id='word_1_134' title='bbox 849 2299 987 2364; x_wconf 87' lang='lat' dir='ltr'>citandis</span> <span class='ocrx_word' id='word_1_135' title='bbox 1010 2299 1101 2365; x_wconf 92' lang='lat' dir='ltr'>libris</span> <span class='ocrx_word' id='word_1_136' title='bbox 1123 2310 1199 2365; x_wconf 90' lang='lat' dir='ltr'>nota</span> <span class='ocrx_word' id='word_1_137' title='bbox 1222 2310 1280 2381; x_wconf 87' lang='lat' dir='ltr'>est,</span> <span class='ocrx_word' id='word_1_138' title='bbox 1315 2323 1381 2364; x_wconf 91' lang='lat' dir='ltr'>non</span> 
     </span>
     <span class='ocr_line' id='line_1_21' title="bbox 313 2389 1373 2454; baseline 0 -1"><span class='ocrx_word' id='word_1_139' title='bbox 313 2389 395 2453; x_wconf 89' lang='lat' dir='ltr'>mira</span> <span class='ocrx_word' id='word_1_140' title='bbox 420 2412 489 2454; x_wconf 89' lang='lat' dir='ltr'>esse</span> <span class='ocrx_word' id='word_1_141' title='bbox 513 2390 654 2454; x_wconf 89' lang='lat' dir='ltr'>uidetur.</span> <span class='ocrx_word' id='word_1_142' title='bbox 1363 2413 1373 2428; x_wconf 89' lang='lat'><strong>·</strong></span> 
     </span>
    </p>

    <p class='ocr_par' dir='ltr' id='par_1_4' title="bbox 312 2476 1380 2743">
     <span class='ocr_line' id='line_1_22' title="bbox 400 2476 1379 2564; baseline -0.001 -21"><span class='ocrx_word' id='word_1_143' title='bbox 400 2478 551 2544; x_wconf 87' lang='lat' dir='ltr'>Breuiter</span> <span class='ocrx_word' id='word_1_144' title='bbox 588 2477 729 2564; x_wconf 88' lang='lat' dir='ltr'>denique</span> <span class='ocrx_word' id='word_1_145' title='bbox 769 2478 809 2544; x_wconf 87' lang='lat' dir='ltr'>de</span> <span class='ocrx_word' id='word_1_146' title='bbox 852 2476 1150 2563; x_wconf 87' lang='lat' dir='ltr'>cognominibus</span> <span class='ocrx_word' id='word_1_147' title='bbox 1187 2500 1253 2543; x_wconf 90' lang='lat' dir='ltr'>non</span> <span class='ocrx_word' id='word_1_148' title='bbox 1284 2476 1379 2542; x_wconf 90' lang='lat' dir='ltr'>nullis</span> 
     </span>
     <span class='ocr_line' id='line_1_23' title="bbox 312 2565 1380 2654; baseline -0.002 -21"><span class='ocrx_word' id='word_1_149' title='bbox 312 2567 526 2653; x_wconf 84' lang='lat' dir='ltr'>Asclepiadis,</span> <span class='ocrx_word' id='word_1_150' title='bbox 559 2589 694 2654; x_wconf 90' lang='lat' dir='ltr'>quorum</span> <span class='ocrx_word' id='word_1_151' title='bbox 729 2565 804 2630; x_wconf 91' lang='lat' dir='ltr'>libri</span> <span class='ocrx_word' id='word_1_152' title='bbox 837 2567 999 2631; x_wconf 88' lang='lat' dir='ltr'>interdum</span> <span class='ocrx_word' id='word_1_153' title='bbox 1031 2590 1051 2630; x_wconf 94' lang='lat' dir='ltr'>a</span> <span class='ocrx_word' id='word_1_154' title='bbox 1074 2568 1153 2631; x_wconf 83' lang='lat' dir='ltr'>viris</span> <span class='ocrx_word' id='word_1_155' title='bbox 1177 2567 1281 2632; x_wconf 85' lang='lat' dir='ltr'>doctis</span> <span class='ocrx_word' id='word_1_156' title='bbox 1305 2590 1380 2631; x_wconf 91' lang='lat' dir='ltr'>cum</span> 
     </span>
     <span class='ocr_line' id='line_1_24' title="bbox 312 2655 1233 2743; baseline -0.002 -21"><span class='ocrx_word' id='word_1_157' title='bbox 312 2657 464 2743; x_wconf 86' lang='lat' dir='ltr'>operibus</span> <span class='ocrx_word' id='word_1_158' title='bbox 486 2656 649 2743; x_wconf 87' lang='lat' dir='ltr'>Myrleani</span> <span class='ocrx_word' id='word_1_159' title='bbox 672 2656 795 2722; x_wconf 87' lang='lat' dir='ltr'>confusi</span> <span class='ocrx_word' id='word_1_160' title='bbox 818 2665 904 2739; x_wconf 90' lang='lat' dir='ltr'>sunt,</span> <span class='ocrx_word' id='word_1_161' title='bbox 929 2655 1153 2721; x_wconf 87' lang='lat' dir='ltr'>disserendum</span> <span class='ocrx_word' id='word_1_162' title='bbox 1177 2666 1233 2720; x_wconf 87' lang='lat' dir='ltr'>est.</span> 
     </span>
    </p>

    <p class='ocr_par' dir='ltr' id='par_1_5' title="bbox 311 2744 1382 3634">
     <span class='ocr_line' id='line_1_25' title="bbox 402 2744 1380 2834; baseline -0.003 -23"><span class='ocrx_word' id='word_1_163' title='bbox 402 2746 510 2834; x_wconf 87' lang='lat' dir='ltr'>Atque</span> <span class='ocrx_word' id='word_1_164' title='bbox 532 2746 674 2832; x_wconf 89' lang='lat' dir='ltr'>primum</span> <span class='ocrx_word' id='word_1_165' title='bbox 698 2745 829 2833; x_wconf 88' lang='lat' dir='ltr'>quidem</span> <span class='ocrx_word' id='word_1_166' title='bbox 858 2745 893 2808; x_wconf 92' lang='lat' dir='ltr'>in</span> <span class='ocrx_word' id='word_1_167' title='bbox 914 2766 1002 2830; x_wconf 89' lang='lat' dir='ltr'>penu</span> <span class='ocrx_word' id='word_1_168' title='bbox 1025 2744 1217 2812; x_wconf 88' lang='lat' dir='ltr'>scholiorum</span> <span class='ocrx_word' id='word_1_169' title='bbox 1241 2744 1283 2810; x_wconf 90' lang='lat' dir='ltr'>ad</span> <span class='ocrx_word' id='word_1_170' title='bbox 1304 2745 1380 2808; x_wconf 91' lang='lat' dir='ltr'>Pin·</span> 
     </span>
     <span class='ocr_line' id='line_1_26' title="bbox 311 2833 1381 2922; baseline -0.001 -21"><span class='ocrx_word' id='word_1_171' title='bbox 311 2837 383 2902; x_wconf 88' lang='lat' dir='ltr'>dari</span> <span class='ocrx_word' id='word_1_172' title='bbox 409 2837 554 2900; x_wconf 89' lang='lat' dir='ltr'>carmina</span> <span class='ocrx_word' id='word_1_173' title='bbox 582 2836 840 2920; x_wconf 88' lang='lat' dir='ltr'>conscriptorum</span> <span class='ocrx_word' id='word_1_174' title='bbox 863 2833 966 2899; x_wconf 88' lang='lat' dir='ltr'>tribus</span> <span class='ocrx_word' id='word_1_175' title='bbox 989 2833 1066 2898; x_wconf 90' lang='lat' dir='ltr'>locis</span> <span class='ocrx_word' id='word_1_176' title='bbox 1099 2835 1381 2922; x_wconf 80' lang='grc' dir='ltr'><em>Τραγιμὸοαμένων</em></span> 
     </span>
     <span class='ocr_line' id='line_1_27' title="bbox 311 2920 1382 3011; baseline -0.002 -22"><span class='ocrx_word' id='word_1_177' title='bbox 311 2926 516 3011; x_wconf 86' lang='lat' dir='ltr'>Asclepiadis</span> <span class='ocrx_word' id='word_1_178' title='bbox 559 2924 770 3010; x_wconf 72' lang='lat' dir='ltr'>TragilensiS,</span> <span class='ocrx_word' id='word_1_179' title='bbox 819 2922 938 3010; x_wconf 91' lang='lat' dir='ltr'>quibus</span> <span class='ocrx_word' id='word_1_180' title='bbox 958 2920 960 2925; x_wconf 69' lang='grc'><strong>’</strong></span> <span class='ocrx_word' id='word_1_181' title='bbox 981 2924 1021 2987; x_wconf 90' lang='lat' dir='ltr'>de</span> <span class='ocrx_word' id='word_1_182' title='bbox 1064 2924 1197 2988; x_wconf 90' lang='lat' dir='ltr'>historia</span> <span class='ocrx_word' id='word_1_183' title='bbox 1242 2923 1382 2988; x_wconf 87' lang='lat' dir='ltr'>fabulari</span> 
     </span>
     <span class='ocr_line' id='line_1_28' title="bbox 311 3013 1382 3099; baseline -0.002 -21"><span class='ocrx_word' id='word_1_184' title='bbox 311 3015 419 3099; x_wconf 85' lang='lat' dir='ltr'>agitur</span> <span class='ocrx_word' id='word_1_185' title='bbox 450 3013 528 3099; x_wconf 89' lang='lat' dir='ltr'>(sch.</span> <span class='ocrx_word' id='word_1_186' title='bbox 554 3014 650 3098; x_wconf 86' lang='lat' dir='ltr'>Pytb.</span> <span class='ocrx_word' id='word_1_187' title='bbox 674 3014 781 3080; x_wconf 84' lang='lat'><strong>1139.</strong></span> <span class='ocrx_word' id='word_1_188' title='bbox 807 3013 857 3076; x_wconf 86' lang='lat' dir='ltr'>IV</span> <span class='ocrx_word' id='word_1_189' title='bbox 873 3014 948 3078; x_wconf 84' lang='lat'>313.</span> <span class='ocrx_word' id='word_1_190' title='bbox 1009 3013 1102 3082; x_wconf 83' lang='lat' dir='ltr'>Nom</span> <span class='ocrx_word' id='word_1_191' title='bbox 1120 3013 1185 3077; x_wconf 89' lang='lat' dir='ltr'>Vll</span> <span class='ocrx_word' id='word_1_192' title='bbox 1205 3014 1272 3097; x_wconf 82' lang='lat'>62),</span> <span class='ocrx_word' id='word_1_193' title='bbox 1298 3036 1382 3077; x_wconf 94' lang='lat' dir='ltr'>com-</span> 
     </span>
     <span class='ocr_line' id='line_1_29' title="bbox 313 3101 1382 3188; baseline 0 -22"><span class='ocrx_word' id='word_1_194' title='bbox 313 3103 423 3188; x_wconf 87' lang='lat' dir='ltr'>plures</span> <span class='ocrx_word' id='word_1_195' title='bbox 462 3102 563 3168; x_wconf 90' lang='lat' dir='ltr'>solum</span> <span class='ocrx_word' id='word_1_196' title='bbox 594 3101 805 3187; x_wconf 90' lang='lat' dir='ltr'>Asclepiades</span> <span class='ocrx_word' id='word_1_197' title='bbox 843 3124 962 3166; x_wconf 87' lang='lat' dir='ltr'>nomen</span> <span class='ocrx_word' id='word_1_198' title='bbox 995 3104 1110 3166; x_wconf 88' lang='lat' dir='ltr'>ceteris</span> <span class='ocrx_word' id='word_1_199' title='bbox 1141 3103 1225 3166; x_wconf 90' lang='lat' dir='ltr'>notis</span> <span class='ocrx_word' id='word_1_200' title='bbox 1258 3104 1382 3166; x_wconf 90' lang='lat' dir='ltr'>omissis</span> 
     </span>
     <span class='ocr_line' id='line_1_30' title="bbox 312 3190 1380 3278; baseline 0.001 -23"><span class='ocrx_word' id='word_1_201' title='bbox 312 3213 390 3278; x_wconf 89' lang='lat' dir='ltr'>prae</span> <span class='ocrx_word' id='word_1_202' title='bbox 424 3214 458 3256; x_wconf 87' lang='lat' dir='ltr'>se</span> <span class='ocrx_word' id='word_1_203' title='bbox 495 3191 635 3255; x_wconf 84' lang='lat' dir='ltr'>ferentes</span> <span class='ocrx_word' id='word_1_204' title='bbox 668 3190 843 3271; x_wconf 89' lang='lat' dir='ltr'>accedunt,</span> <span class='ocrx_word' id='word_1_205' title='bbox 880 3212 959 3275; x_wconf 88' lang='lat' dir='ltr'>quos</span> <span class='ocrx_word' id='word_1_206' title='bbox 994 3191 1129 3254; x_wconf 88' lang='lat' dir='ltr'>Boeckh</span> <span class='ocrx_word' id='word_1_207' title='bbox 1168 3191 1202 3254; x_wconf 91' lang='lat' dir='ltr'>in</span> <span class='ocrx_word' id='word_1_208' title='bbox 1239 3191 1380 3256; x_wconf 90' lang='lat' dir='ltr'>editione</span> 
     </span>
     <span class='ocr_line' id='line_1_31' title="bbox 313 3278 1382 3366; baseline -0.003 -21"><span class='ocrx_word' id='word_1_209' title='bbox 313 3282 449 3345; x_wconf 91' lang='lat' dir='ltr'>Pindari</span> <span class='ocrx_word' id='word_1_210' title='bbox 469 3281 502 3344; x_wconf 93' lang='lat' dir='ltr'>ll</span> <span class='ocrx_word' id='word_1_211' title='bbox 524 3302 556 3366; x_wconf 89' lang='lat' dir='ltr'>p.</span> <span class='ocrx_word' id='word_1_212' title='bbox 582 3279 647 3343; x_wconf 88' lang='lat' dir='ltr'>XV</span> <span class='ocrx_word' id='word_1_213' title='bbox 682 3278 866 3364; x_wconf 83' lang='lat' dir='ltr'>Tragilensi</span> <span class='ocrx_word' id='word_1_214' title='bbox 896 3278 1115 3362; x_wconf 84' lang='lat' dir='ltr'>adsignandos</span> <span class='ocrx_word' id='word_1_215' title='bbox 1146 3301 1215 3344; x_wconf 87' lang='lat' dir='ltr'>esse</span> <span class='ocrx_word' id='word_1_216' title='bbox 1242 3281 1382 3364; x_wconf 89' lang='lat' dir='ltr'>putauit,</span> 
     </span>
     <span class='ocr_line' id='line_1_32' title="bbox 312 3367 1381 3456; baseline 0 -21"><span class='ocrx_word' id='word_1_217' title='bbox 312 3393 411 3456; x_wconf 91' lang='lat' dir='ltr'>quem</span> <span class='ocrx_word' id='word_1_218' title='bbox 446 3370 486 3433; x_wconf 92' lang='lat' dir='ltr'>A.</span> <span class='ocrx_word' id='word_1_219' title='bbox 521 3369 683 3433; x_wconf 88' lang='lat' dir='ltr'>Hillscher</span> <span class='ocrx_word' id='word_1_220' title='bbox 721 3367 807 3454; x_wconf 92' lang='lat' dir='ltr'>apud</span> <span class='ocrx_word' id='word_1_221' title='bbox 844 3367 1074 3432; x_wconf 83' lang='lat' dir='ltr'>Susemihlium</span> <span class='ocrx_word' id='word_1_222' title='bbox 1106 3368 1141 3432; x_wconf 89' lang='grc' dir='ltr'>Π</span> <span class='ocrx_word' id='word_1_223' title='bbox 1170 3389 1202 3453; x_wconf 89' lang='lat' dir='ltr'>p.</span> <span class='ocrx_word' id='word_1_224' title='bbox 1233 3372 1288 3448; x_wconf 85' lang='lat'>19,</span> <span class='ocrx_word' id='word_1_225' title='bbox 1318 3372 1381 3435; x_wconf 97' lang='grc'>100</span> 
     </span>
     <span class='ocr_line' id='line_1_33' title="bbox 312 3456 1382 3543; baseline -0.002 -20"><span class='ocrx_word' id='word_1_226' title='bbox 312 3471 444 3524; x_wconf 88' lang='lat' dir='ltr'>secutus</span> <span class='ocrx_word' id='word_1_227' title='bbox 468 3469 527 3539; x_wconf 90' lang='lat' dir='ltr'>est,</span> <span class='ocrx_word' id='word_1_228' title='bbox 551 3457 613 3522; x_wconf 91' lang='lat' dir='ltr'>nisi</span> <span class='ocrx_word' id='word_1_229' title='bbox 638 3457 724 3542; x_wconf 91' lang='lat' dir='ltr'>quod</span> <span class='ocrx_word' id='word_1_230' title='bbox 748 3456 845 3522; x_wconf 90' lang='lat' dir='ltr'>schol.</span> <span class='ocrx_word' id='word_1_231' title='bbox 872 3457 963 3526; x_wconf 83' lang='lat' dir='ltr'>Nem.</span> <span class='ocrx_word' id='word_1_232' title='bbox 988 3457 1024 3520; x_wconf 88' lang='grc' dir='ltr'><strong>Π</strong></span> <span class='ocrx_word' id='word_1_233' title='bbox 1052 3461 1088 3524; x_wconf 88' lang='grc'>19</span> <span class='ocrx_word' id='word_1_234' title='bbox 1122 3456 1164 3521; x_wconf 91' lang='lat' dir='ltr'>ab</span> <span class='ocrx_word' id='word_1_235' title='bbox 1188 3456 1382 3543; x_wconf 89' lang='lat' dir='ltr'>Asclepiade</span> 
     </span>
     <span class='ocr_line' id='line_1_34' title="bbox 313 3545 1381 3634; baseline -0.002 -22"><span class='ocrx_word' id='word_1_236' title='bbox 313 3548 378 3629; x_wconf 93' lang='lat' dir='ltr'>illo,</span> <span class='ocrx_word' id='word_1_237' title='bbox 396 3550 453 3634; x_wconf 90' lang='lat' dir='ltr'>qui</span> <span class='ocrx_word' id='word_1_238' title='bbox 470 3545 605 3632; x_wconf 87' lang='lat' dir='ltr'>Didymi</span> <span class='ocrx_word' id='word_1_239' title='bbox 621 3548 826 3612; x_wconf 89' lang='lat' dir='ltr'>aduersarius</span> <span class='ocrx_word' id='word_1_240' title='bbox 842 3546 904 3612; x_wconf 87' lang='lat' dir='ltr'>fuit</span> <span class='ocrx_word' id='word_1_241' title='bbox 922 3546 967 3629; x_wconf 81' lang='lat' dir='ltr'>(v.</span> <span class='ocrx_word' id='word_1_242' title='bbox 984 3546 1069 3610; x_wconf 85' lang='lat' dir='ltr'>infra</span> <span class='ocrx_word' id='word_1_243' title='bbox 1086 3569 1116 3631; x_wconf 87' lang='lat' dir='ltr'>p.</span> <span class='ocrx_word' id='word_1_244' title='bbox 1133 3548 1200 3628; x_wconf 80' lang='lat'>48),</span> <span class='ocrx_word' id='word_1_245' title='bbox 1218 3549 1381 3632; x_wconf 89' lang='lat' dir='ltr'>repetiuit.</span> 
     </span>
    </p>
   </div>
   <div class='ocr_carea' id='block_1_3' title="bbox 208 3633 1383 3720">
    <p class='ocr_par' dir='ltr' id='par_1_6' title="bbox 208 3633 1383 3720">
     <span class='ocr_line' id='line_1_35' title="bbox 208 3633 1383 3720; baseline -0.003 -18"><span class='ocrx_word' id='word_1_246' title='bbox 208 3642 214 3649; x_wconf 86' lang='lat'>&#39;</span> <span class='ocrx_word' id='word_1_247' title='bbox 313 3637 437 3702; x_wconf 78' lang='lat' dir='ltr'>Contra</span> <span class='ocrx_word' id='word_1_248' title='bbox 464 3635 566 3699; x_wconf 89' lang='lat' dir='ltr'>Lohrs</span> <span class='ocrx_word' id='word_1_249' title='bbox 597 3635 617 3698; x_wconf 93' lang='lat' dir='ltr'>l.</span> <span class='ocrx_word' id='word_1_250' title='bbox 652 3659 674 3700; x_wconf 89' lang='lat' dir='ltr'>s.</span> <span class='ocrx_word' id='word_1_251' title='bbox 707 3657 736 3720; x_wconf 94' lang='lat' dir='ltr'>p.</span> <span class='ocrx_word' id='word_1_252' title='bbox 761 3637 824 3702; x_wconf 75' lang='lat'>447</span> <span class='ocrx_word' id='word_1_253' title='bbox 856 3646 888 3699; x_wconf 90' lang='lat' dir='ltr'>et</span> <span class='ocrx_word' id='word_1_254' title='bbox 912 3635 1060 3700; x_wconf 89' lang='lat' dir='ltr'>Weutzel</span> <span class='ocrx_word' id='word_1_255' title='bbox 1083 3633 1102 3701; x_wconf 86' lang='lat' dir='ltr'>l.</span> <span class='ocrx_word' id='word_1_256' title='bbox 1126 3659 1150 3701; x_wconf 89' lang='lat' dir='ltr'>s.</span> <span class='ocrx_word' id='word_1_257' title='bbox 1175 3658 1205 3720; x_wconf 86' lang='lat' dir='ltr'>p.</span> <span class='ocrx_word' id='word_1_258' title='bbox 1234 3639 1320 3702; x_wconf 84' lang='lat'>1630</span> <span class='ocrx_word' id='word_1_259' title='bbox 1349 3637 1383 3699; x_wconf 92' lang='lat' dir='ltr'>in</span> 
     </span>
    </p>
   </div>
   <div class='ocr_carea' id='block_1_4' title="bbox 313 3724 1382 3990">
    <p class='ocr_par' dir='ltr' id='par_1_7' title="bbox 313 3724 1382 3990">
     <span class='ocr_line' id='line_1_36' title="bbox 314 3724 1382 3810; baseline -0.003 -20"><span class='ocrx_word' id='word_1_260' title='bbox 314 3727 420 3791; x_wconf 87' lang='lat' dir='ltr'>modio</span> <span class='ocrx_word' id='word_1_261' title='bbox 444 3724 692 3810; x_wconf 87' lang='lat' dir='ltr'>relinquendum</span> <span class='ocrx_word' id='word_1_262' title='bbox 720 3747 789 3788; x_wconf 85' lang='lat' dir='ltr'>esse</span> <span class='ocrx_word' id='word_1_263' title='bbox 821 3734 1025 3804; x_wconf 89' lang='lat' dir='ltr'>censuerunt,</span> <span class='ocrx_word' id='word_1_264' title='bbox 1054 3736 1163 3788; x_wconf 91' lang='lat' dir='ltr'>utrum</span> <span class='ocrx_word' id='word_1_265' title='bbox 1188 3725 1267 3788; x_wconf 87' lang='lat' dir='ltr'>haec</span> <span class='ocrx_word' id='word_1_266' title='bbox 1294 3725 1382 3809; x_wconf 86' lang='lat' dir='ltr'>Myr·</span> 
     </span>
     <span class='ocr_line' id='line_1_37' title="bbox 313 3813 1382 3894; baseline -0.004 -14"><span class='ocrx_word' id='word_1_267' title='bbox 313 3815 408 3880; x_wconf 89' lang='lat' dir='ltr'>loano</span> <span class='ocrx_word' id='word_1_268' title='bbox 447 3814 645 3880; x_wconf 88' lang='lat' dir='ltr'>deberentur</span> <span class='ocrx_word' id='word_1_269' title='bbox 683 3836 795 3883; x_wconf 83' lang='lat' dir='ltr'>necne.</span> <span class='ocrx_word' id='word_1_270' title='bbox 853 3813 945 3894; x_wconf 78' lang='lat' dir='ltr'>Quae</span> <span class='ocrx_word' id='word_1_271' title='bbox 983 3813 1104 3877; x_wconf 90' lang='lat' dir='ltr'>scholia</span> <span class='ocrx_word' id='word_1_272' title='bbox 1136 3814 1162 3876; x_wconf 92' lang='lat' dir='ltr'>si</span> <span class='ocrx_word' id='word_1_273' title='bbox 1198 3815 1382 3877; x_wconf 82' lang='lat' dir='ltr'>accuratius</span> 
     </span>
     <span class='ocr_line' id='line_1_38' title="bbox 315 3901 1381 3990; baseline -0.003 -21"><span class='ocrx_word' id='word_1_274' title='bbox 315 3905 560 3990; x_wconf 85' lang='lat' dir='ltr'>perlustrantur,</span> <span class='ocrx_word' id='word_1_275' title='bbox 594 3902 689 3968; x_wconf 86' lang='lat' dir='ltr'>facile</span> <span class='ocrx_word' id='word_1_276' title='bbox 721 3905 756 3966; x_wconf 92' lang='lat' dir='ltr'>iu</span> <span class='ocrx_word' id='word_1_277' title='bbox 787 3902 851 3967; x_wconf 92' lang='lat' dir='ltr'>duo</span> <span class='ocrx_word' id='word_1_278' title='bbox 884 3924 1004 3987; x_wconf 87' lang='lat' dir='ltr'>genera</span> <span class='ocrx_word' id='word_1_279' title='bbox 1037 3902 1219 3966; x_wconf 88' lang='lat' dir='ltr'>discedunt.</span> <span class='ocrx_word' id='word_1_280' title='bbox 1271 3901 1381 3988; x_wconf 88' lang='lat' dir='ltr'>Atque</span> 
     </span>
    </p>
   </div>
   <div class='ocr_carea' id='block_1_5' title="bbox 314 4113 1383 4258">
    <p class='ocr_par' dir='ltr' id='par_1_8' title="bbox 314 4113 1383 4258">
     <span class='ocr_line' id='line_1_39' title="bbox 404 4113 1383 4187; baseline -0.005 -15"><span class='ocrx_word' id='word_1_281' title='bbox 404 4118 438 4187; x_wconf 70' lang='grc'>89)</span> <span class='ocrx_word' id='word_1_282' title='bbox 459 4119 523 4172; x_wconf 92' lang='lat' dir='ltr'>Iam</span> <span class='ocrx_word' id='word_1_283' title='bbox 550 4116 637 4172; x_wconf 83' lang='lat' dir='ltr'>uides</span> <span class='ocrx_word' id='word_1_284' title='bbox 667 4135 701 4171; x_wconf 87' lang='lat' dir='ltr'>ca</span> <span class='ocrx_word' id='word_1_285' title='bbox 724 4134 848 4186; x_wconf 86' lang='lat' dir='ltr'>prorsus</span> <span class='ocrx_word' id='word_1_286' title='bbox 876 4116 1041 4183; x_wconf 84' lang='lat' dir='ltr'>concidere,</span> <span class='ocrx_word' id='word_1_287' title='bbox 1062 4134 1137 4187; x_wconf 88' lang='lat' dir='ltr'>quac</span> <span class='ocrx_word' id='word_1_288' title='bbox 1156 4116 1283 4169; x_wconf 85' lang='lat' dir='ltr'>Knaack</span> <span class='ocrx_word' id='word_1_289' title='bbox 1303 4113 1383 4184; x_wconf 86' lang='lat' dir='ltr'>apud</span> 
     </span>
     <span class='ocr_line' id='line_1_40' title="bbox 314 4188 982 4258; baseline -0.001 -16"><span class='ocrx_word' id='word_1_290' title='bbox 314 4190 531 4244; x_wconf 81' lang='lat' dir='ltr'>Susonrilrliurn</span> <span class='ocrx_word' id='word_1_291' title='bbox 550 4191 568 4242; x_wconf 90' lang='lat' dir='ltr'>l.</span> <span class='ocrx_word' id='word_1_292' title='bbox 589 4207 611 4242; x_wconf 78' lang='lat' dir='ltr'>e.</span> <span class='ocrx_word' id='word_1_293' title='bbox 631 4188 662 4241; x_wconf 90' lang='lat' dir='ltr'>II</span> <span class='ocrx_word' id='word_1_294' title='bbox 680 4207 707 4258; x_wconf 93' lang='lat' dir='ltr'>p.</span> <span class='ocrx_word' id='word_1_295' title='bbox 729 4189 770 4254; x_wconf 89' lang='grc'>18,</span> <span class='ocrx_word' id='word_1_296' title='bbox 790 4189 824 4243; x_wconf 83' lang='grc'>96</span> <span class='ocrx_word' id='word_1_297' title='bbox 845 4194 982 4243; x_wconf 85' lang='lat' dir='ltr'>coniecit.</span> 
     </span>
    </p>
   </div>
   <div class='ocr_carea' id='block_1_6' title="bbox 0 0 1702 5025">
    <p class='ocr_par' dir='ltr' id='par_1_9' title="bbox 0 0 1702 5025">
     <span class='ocr_line' id='line_1_41' title="bbox 0 0 1702 5025; baseline 0 0"><span class='ocrx_word' id='word_1_298' title='bbox 0 0 1702 5025; x_wconf 95' lang='lat' dir='ltr'> </span> 
     </span>
    </p>
   </div>
  </div>
 </body>
</html>
