3384 5025
729 486 950 552 ..35-

306 664 445 729 auctoris
478 665 547 730 eius
578 666 753 753 partitione
787 667 1105 753 interpretationem,
1140 670 1373 752 recensionem,
1461 685 1464 692 ’

306 754 463 819 iudicium
489 757 649 822 contineri
670 768 833 843 appareat.

396 844 464 909 Iam
487 846 685 912 lineamenta
712 848 804 929 artis,
834 870 899 934 qua
921 847 1040 913 Sextus
1067 870 1143 913 usus
1171 857 1234 930 est,
1263 849 1374 913 adum·

306 933 417 1000 brasse
446 945 477 999 et
500 938 569 1001 eius
596 946 704 1022 partes
732 936 1015 1023 partiunculasque
1043 958 1168 1023 semper
1195 938 1374 1003 secundum

307 1047 478 1089 numerum
501 1027 678 1091 ternarium
707 1025 878 1093 distinctas
910 1050 980 1092 esse
1012 1027 1250 1092 demonstrasse
1281 1028 1374 1092 nobis

307 1113 465 1183 uidemur.
513 1114 606 1180 Sexti
630 1116 728 1201 igitur
744 1117 926 1182 doctrinam
942 1118 1190 1203 grammaticam
1213 1127 1245 1181 et
1266 1140 1376 1181 omnes

307 1203 429 1269 triades
452 1204 658 1291 triadumque
682 1204 802 1271 triades
827 1207 869 1270 ad
887 1204 1115 1291 Asclepiadem
1139 1217 1303 1271 auctorem
1327 1229 1375 1271 re-

308 1291 442 1358 ferenda
466 1316 534 1358 esse
557 1296 700 1359 maxima
729 1317 802 1359 cum
829 1295 1059 1379 probabilitate
1087 1297 1241 1383 sequitur.
1288 1296 1375 1360 Huic

308 1382 348 1447 de
364 1380 458 1447 Sexti
482 1390 614 1449 auctore
638 1385 780 1471 opinioni
799 1385 865 1449 alia
883 1409 1010 1471 queque
1028 1386 1232 1451 firmamenta
1251 1385 1376 1450 adstrui

308 1482 450 1558 possunt.
497 1472 641 1559 Egregie
670 1476 756 1538 enirn
785 1474 919 1557 accidit,
951 1474 1039 1561 quod
1069 1498 1112 1539 ex
1144 1476 1376 1559 grammaticis,

310 1584 389 1648 quos
406 1562 526 1627 Sextus
550 1563 589 1626 de
611 1566 844 1648 grammaticae
866 1564 1024 1629 diuisione
1045 1565 1204 1649 copiosius
1220 1566 1376 1629 disserens

310 1651 429 1733 attulit,
457 1652 512 1737 qui
536 1664 612 1716 sunt
635 1652 811 1741 Dionysius
835 1653 957 1732 Thrax,
981 1653 1187 1719 Ptolemaeus
1210 1654 1375 1735 Pindario‚

311 1740 485 1806 Tauriscus
499 1740 679 1825 Orateteus,
694 1765 788 1808 nemo
801 1753 873 1829 post
884 1743 1113 1829 Asclepiadem
1125 1743 1242 1807 floruit.
1278 1744 1376 1807 Prae·

310 1840 417 1912 terea,
449 1854 534 1917 quae
566 1831 690 1913 statuit,
728 1855 794 1897 non
831 1833 872 1896 ad
912 1834 1091 1899 Herodiani
1127 1833 1196 1897 eius
1234 1833 1377 1918 aequalis

311 1930 450 1985 aetatem
474 1922 645 2006 quadrant,
678 1922 736 1987 sed
763 1921 927 2007 prioribus
959 1922 1157 2009 temporibus
1189 1931 1265 2007 apta
1293 1931 1377 2004 sunt,

312 2007 429 2095 quibus
450 2032 498 2091 ea,
523 2033 606 2096 quae
623 2009 814 2097 Apollonius
833 2012 995 2097 Dyscolus
1019 2022 1051 2077 et
1072 2013 1141 2076 eius
1164 2010 1248 2075 filius
1271 2010 1377 2096 diges-

311 2108 420 2163 serunt
443 2110 475 2163 et
499 2100 540 2163 ad
565 2113 654 2165 certa
682 2111 859 2188 praecepta
886 2112 1136 2176 reuocauerunt,
1169 2100 1312 2165 nondum
1335 2100 1378 2165 ad

311 2186 401 2251 illum
424 2188 592 2253 doetrinae
615 2190 753 2273 gradum
777 2192 937 2276 perducta
960 2203 1061 2260 erant.
1108 2189 1202 2271 Quae
1224 2199 1261 2254 ut
1283 2213 1378 2254 accu-
1455 2247 1457 2251 ,

268 2339 269 2342 ,
310 2279 413 2341 ratius
430 2278 648 2354 dinoscantur,
672 2280 737 2343 iam
760 2280 803 2345 ad
827 2280 954 2365 singula
977 2290 1188 2360 transeamus,
1211 2280 1299 2345 unde
1323 2278 1379 2343 ali-

311 2367 390 2453 quid
409 2367 450 2432 ad
473 2379 617 2433 nostram
633 2370 824 2434 seutentiam
850 2370 1104 2435 confirmandam
1123 2369 1379 2434 redundaturum

312 2478 381 2522 esse
414 2458 613 2524 confidimus.
668 2457 777 2547 Atque
805 2461 902 2525 tertia
928 2481 1004 2546 pars
1032 2461 1074 2526 ad
1101 2460 1241 2547 primam
1269 2480 1378 2524 secuu-

312 2547 461 2634 damque,
485 2572 568 2635 quae
594 2550 623 2614 ei
647 2551 815 2614 materiem
839 2551 881 2614 ad
908 2552 1094 2615 tractandos
1118 2560 1264 2614 auctores
1287 2570 1377 2634 prae-

311 2637 399 2718 bent,
428 2639 474 2702 ita
502 2639 643 2721 pertinet
667 2652 704 2703 ut
727 2639 946 2725 Tyrannionis
978 2640 1060 2729 μέρη
1094 2639 1136 2703 ad
1160 2627 1290 2727 ὄργανα,
1324 2637 1379 2724 qui

312 2726 564 2813 discrepantiam
580 2728 694 2792 harum
715 2730 867 2814 partium,
885 2753 982 2815 quam
996 2728 1207 2814 Asclepiades
1226 2737 1379 2809 senserat,

311 2815 425 2881 melius
459 2820 690 2902 compositione
728 2821 806 2882 artis
838 2841 918 2882 suae
949 2820 1124 2904 expressit,
1165 2817 1252 2882 unde
1286 2818 1378 2899 ratio,

312 2927 407 2990 quarn
429 2906 605 2972 interillos
629 2908 833 2974 intercedere
859 2907 986 2973 Usener
1010 2908 1028 2974 l.
1048 2933 1073 2972 s.
1097 2930 1127 2993 p.
1140 2909 1203 2975 591
1230 2907 1380 2988 coniecit,

313 2995 428 3059 iterum
454 2997 586 3081 egregie
610 2996 809 3073 inlustratur,
833 2996 868 3061 id
893 2997 978 3084 quud
1002 2996 1073 3062 aliis
1096 2997 1286 3082 fragmentis
1302 2997 1380 3059 artis

314 3083 549 3170 Asclepiadeae
589 3087 793 3151 inueniendis
828 3087 950 3152 iudicio
986 3087 1055 3152 fore
1092 3109 1196 3171 spere.
1252 3085 1380 3149 Deinde

315 3196 387 3237 oum
411 3175 549 3258 primam
572 3177 804 3260 grammaticae
827 3187 955 3262 partem
972 3177 1192 3250 constitueret,
1217 3172 1382 3259 exemplar

314 3263 461 3328 Taurisci
489 3263 541 3328 uel
573 3267 680 3348 potius
705 3265 845 3330 Cratetis
877 3277 1006 3330 secutus
1035 3277 1095 3339 est,
1134 3266 1225 3328 cuius
1252 3261 1382 3350 λογικὸν

316 3351 393 3434 περὶ
416 3351 474 3441 τὴν
496 3353 581 3432 λέξιν
600 3355 656 3421 καὶ
674 3350 749 3433 τοὺς
765 3351 1006 3442 γραμματικοὺς
1021 3351 1165 3440 τρόπους
1179 3351 1382 3434 uersabatur,

315 3451 346 3505 et
374 3441 617 3527 Tyrannionem
652 3446 743 3530 quasi
775 3454 965 3508 sectatorem
989 3443 1122 3519 habuit,
1155 3443 1211 3528 qui
1239 3465 1310 3506 eam
1336 3442 1382 3504 in-

315 3530 460 3595 subsidia
487 3535 722 3617 grammaticae
750 3534 942 3620 adsumpsit,
971 3556 1045 3597 cum
1074 3532 1224 3617 Dionysii
1247 3531 1382 3594 Thracis

316 3620 483 3702 diuisione,
510 3622 565 3707 qui
588 3622 757 3707 analogiae
787 3625 1015 3688 tractationem
1045 3633 1078 3686 et
1105 3620 1320 3706 etymologiae
1347 3621 1381 3682 in

302 3714 500 3774 uentionem
523 3711 666 3796 singulas
690 3714 769 3777 artis
792 3724 903 3797 partes
926 3736 996 3778 esse
1020 3722 1200 3794 censuerat,
1224 3731 1317 3773 nemo
1341 3731 1382 3772 ex

317 3798 546 3882 posterioribus
578 3800 750 3886 philologis
782 3825 859 3866 usus
895 3824 963 3866 esse
992 3802 1149 3866 uideatur.
1205 3800 1383 3863 Praeterea

316 3906 391 3970 pars
416 3888 566 3954 historica
590 3891 630 3955 ab
655 3891 803 3955 omnibus
826 3891 904 3954 iude
927 3890 1118 3954 aTaurisco
1141 3912 1244 3974 usque
1262 3888 1303 3951 ad
1319 3887 1382 3971 Ty·

316 3977 504 4042 rannionem
530 3982 760 4064 grammaticae
784 3980 894 4043 addita
918 3991 977 4060 est,
1001 3979 1062 4040 nisi
1085 3979 1170 4063 quod
1194 3975 1383 4062 Myrleauus

318 4065 428 4130 eodem
454 4068 548 4132 modo
572 4080 670 4154 atquc
693 4069 871 4155 Dionysius
896 4070 926 4131 ei
953 4067 1130 4152 glossarum
1154 4068 1381 4131 tractationem

318 4155 472 4236 attribuit,
498 4181 593 4245 quam
620 4150 732 4246 ripy'ruy
757 4163 1017 4247 ytruuorpturraqi
1034 4158 1192 4221 contineri
1207 4157 1383 4243 Tyrannio
