3384 5025
593 493 611 608 J
727 516 948 578 -ar-

303 688 399 775 pleno
413 695 592 755 contortam
604 701 636 754 et
648 688 812 754 difficilem
823 689 1005 753 doctrinam
1016 689 1240 774 astrologicam
1250 690 1372 773 alleuit,

304 801 403 864 quam
436 782 552 844 aetatis
583 778 667 843 illius
699 778 844 843 homines
873 779 906 841 in
930 778 1002 842 cibo
1026 777 1069 842 ad
1092 778 1203 854 epulas
1226 780 1372 863 parando

305 867 493 931 adornanda
519 869 683 932 interdum
711 866 850 931 libenter
877 865 1066 931 obseruasse
1094 867 1309 953 uidentur‚⁴²)
1338 879 1373 932 ut

304 978 379 1020 eum
406 956 591 1042 aequalium
619 979 724 1021 mores
752 954 795 1021 ad
819 956 933 1019 heroes
957 956 1158 1020 transtulisse
1181 957 1373 1022 sumendum

304 1047 355 1109 sit.
402 1045 543 1111 Tantam
572 1046 658 1111 enim
687 1045 931 1109 similitudinem
954 1045 1069 1129 poculo
1093 1059 1126 1110 et
1149 1045 1192 1109 ad
1214 1046 1317 1110 solida
1340 1057 1373 1111 et

305 1134 349 1199 ad
386 1134 497 1199 umida
536 1133 690 1199 alimenta
724 1134 922 1198 continenda
956 1134 1116 1200 destinato
1154 1135 1264 1199 docuit
1302 1158 1374 1201 esse

305 1246 380 1287 cum
395 1224 516 1288 mundo
533 1224 663 1309 (Athen.
685 1246 716 1309 p.
732 1221 871 1309 asecle,
894 1222 1100 1310 492dso),⁴³)
1118 1225 1174 1309 qui
1190 1222 1374 1290 hominibus

306 1314 430 1376 uictum
453 1311 633 1398 praeberet,
657 1323 693 1377 ut
716 1314 818 1377 instar
842 1314 911 1376 eiras
935 1312 1108 1376 rotundum
1131 1312 1252 1377 factum
1274 1324 1372 1396 esset,

238 1402 240 1405 ’
305 1412 375 1465 tum
410 1404 552 1486 capitula
587 1402 762 1483 clauorum,
799 1424 883 1487 quae
917 1402 1116 1482 uiderentur,
1149 1402 1195 1466 ita
1224 1406 1258 1465 in
1289 1404 1374 1466 uasis

306 1489 460 1555 lateribus
484 1502 520 1556 ut
543 1492 577 1555 in
601 1490 690 1555 caelo
714 1490 820 1555 stellas
845 1513 928 1573 esse,
954 1490 1094 1577 denique
1120 1489 1298 1570 πελειάδας
1317 1514 1375 1555 sex
1423 1493 1427 1500 '

308 1578 378 1643 illas
402 1579 483 1643 nihil
506 1579 595 1644 aliud
619 1581 682 1643 nisi
705 1579 855 1655 Pleiades
879 1602 960 1661 esse,
984 1579 1111 1665 quibus,
1137 1581 1214 1665 quia
1237 1603 1375 1645 messem

306 1666 448 1733 futuram
485 1669 681 1745 indicarent,
720 1669 826 1733 uictus
864 1668 1045 1746 hominum„
1067 1679 1373 1754 repraesentaretur.

307 1757 396 1837 Quas
412 1757 454 1821 ad
470 1756 697 1823 hariolationes
712 1757 898 1843 probandas
913 1757 1014 1821 multa
1025 1780 1067 1821 ex
1076 1780 1194 1842 magno
1209 1758 1376 1822 doctrinae

307 1858 466 1931 apparatu
498 1846 620 1931 attulit;
654 1870 759 1933 neque
794 1870 873 1913 uero
906 1848 1001 1911 certis
1041 1848 1232 1911 coniecturis
1272 1856 1377 1932 potest

306 1936 445 2018 definiri,
462 1948 572 2001 utrum
587 1936 669 2002 haec
686 1938 755 2021 ipse
772 1935 938 2021 collegerit
954 1949 986 2001 et
1002 1937 1165 2001 inuenerit
1181 1958 1223 1999 an
1240 1935 1376 2001 aliorum

307 2027 427 2090 scrinia
451 2026 684 2111 compilauerit.
732 2024 814 2089 Nolo
837 2046 996 2115 premere,
1021 2024 1107 2110 quod
1130 2023 1258 2109 singula
1282 2048 1375 2110 argu·

307 2124 418 2178 menta
445 2126 476 2178 et
505 2114 738 2199 explicationes
767 2114 807 2178 ab
832 2137 869 2179 eo
893 2116 1121 2198 pronuntiatae
1146 2113 1223 2177 alibi
1249 2136 1376 2200 quoque

307 2203 459 2287 leguntur
483 2204 553 2287 (cfr.
571 2204 666 2269 schol.
689 2211 769 2269 TA
784 2205 860 2284 636,
884 2202 1023 2286 εειιοΙ.μ
1048 2205 1100 2286 62,
1125 2202 1223 2267 schol.
1241 2203 1375 2273 Pindar.

308 2292 400 2355 Nem.
426 2292 458 2357 Il
487 2292 551 2378 16),
576 2293 715 2379 quiade
740 2292 856 2357 horum
880 2292 1021 2357 locorum
1045 2292 1169 2377 origine
1192 2292 1274 2356 nihil
1294 2294 1375 2357 certi

308 2392 448 2465 constat,
475 2394 587 2462 contra
603 2393 777 2467 propterea
792 2382 827 2445 in
842 2382 1051 2446 offensionem
1065 2382 1257 2467 suspicionis
1273 2383 1374 2463 uenit,

307 2471 394 2556 quod
417 2470 522 2536 locum
546 2495 566 2536 a
583 2470 721 2554 Oratete,
744 2472 801 2558 qui
816 2468 994 2550 walcaudum
1013 2471 1144 2536 Homeri
1161 2482 1193 2536 et
1210 2468 1375 2550 Πλειάδας

308 2561 436 2625 easdem
454 2585 524 2628 esse
541 2573 722 2644 censuerat,
746 2571 931 2642 tractatum,
955 2583 1017 2646 quo
1033 2561 1182 2625 Pleiades
1201 2559 1376 2624 laudantur

306 2650 455 2735 (Pindar¹
490 2652 583 2716 Nem.
608 2651 642 2714 ll
677 2655 746 2732 16),
779 2651 849 2736 ips'e
880 2672 1007 2735 quoque
1031 2651 1146 2713 citauit
1170 2659 1202 2713 et
1226 2650 1296 2712 eius
1320 2671 1374 2712 no·

309 2761 383 2802 men
399 2739 555 2803 adnotare
572 2741 692 2822 omisit,
717 2761 821 2824 neque
839 2749 1008 2822 praeterea
1028 2737 1104 2801 inde
1121 2738 1375 2820 commendatur,

193 2899 194 2902 Ἴ
309 2828 394 2912 quod
419 2827 560 2892 Cratetis
588 2828 708 2891 furtum
737 2827 915 2912 quoddam,
944 2849 1041 2911 quem
1067 2825 1163 2891 foede
1186 2827 1377 2911 transscrip-

307 2917 385 2978 sisso
400 2916 563 2980 Moeronis
579 2917 723 3000 poetriae
740 2917 780 2980 de
797 2912 968 2981 πελειάσιν
985 2915 1166 2980 Homericis
1181 2916 1375 2980 seutentiam

307 3004 469 3068 inuenisse
494 3004 557 3068 sibi
574 3003 749 3069 uidebatur
772 3005 825 3090 (cf.
843 3002 962 3068 Athen.
979 3003 1030 3067 Xl
1045 3006 1158 3088 asoa),
1183 3027 1257 3070 cum
1272 3004 1325 3068 hic
1341 3027 1376 3066 re

229 3173 232 3176 Ι
308 3116 388 3158 uera
424 3106 460 3160 ut
497 3095 728 3180 grammaticus
760 3105 928 3178 poetarum
961 3095 1062 3158 uerba
1094 3095 1373 3179 interpretaretur,

307 3182 396 3247 nulla
428 3183 490 3247 alia
523 3207 621 3248 causa
647 3185 711 3248 nisi
733 3183 859 3246 inuidia
881 3183 935 3246 illa
959 3195 1147 3264 commotus,
1181 3206 1245 3269 qua
1268 3181 1376 3266 pusilli

304 3273 408 3336 animi
450 3274 623 3358 scriptores
664 3273 834 3356 magistros
877 3271 929 3335 uel
972 3271 1114 3336 aemulos
1156 3272 1376 3356 perstringere

306 3361 422 3440 solent,
455 3361 661 3426 acerbissime
700 3362 883 3444 castigauit.
935 3361 1109 3445 Reliquum
1141 3370 1201 3441 est,
1234 3370 1270 3424 ut
1301 3382 1374 3424 eum

306 3470 426 3534 prauas
450 3460 482 3514 et
497 3451 651 3514 ridiculas
667 3451 951 3533 interpretationes
967 3449 1132 3514 interdurn
1150 3447 1380 3535 probabilibus

307 3540 505 3623 argumentis
539 3539 666 3602 fulsisse
699 3537 841 3602 breuiter
871 3559 1029 3602 moneam.
1078 3538 1162 3602 Nam
1193 3537 1309 3602 callide
1344 3548 1376 3602 et

306 3627 395 3692 haud
426 3626 567 3692 infacete
599 3627 754 3708 fabulam,
787 3649 872 3712 quae
903 3637 951 3692 est
975 3626 1015 3690 de
1038 3625 1169 3710 Orione,
1198 3627 1376 3712 respiciens

305 3715 499 3781 uocabulum
522 3714 693 3807 τρήρωνες,
729 3717 815 3802 quod
845 3716 888 3780 ad
911 3713 1090 3795 πελαιάδες
1112 3717 1296 3802 appositum
1319 3727 1376 3793 est,

397 3896 440 3964 42)
462 3893 520 3950 Otr.
540 3896 624 3950 locos
645 3913 662 3947 a
680 3887 833 3948 Lobeckio
853 3893 999 3964 Aglaopla
1013 3911 1040 3963 p.
1056 3895 1108 3948 170
1128 3893 1244 3958 allatos,
1265 3892 1375 3962 quibus

306 3967 391 4020 locus
411 3966 532 4021 Petron.
554 3971 610 4022 sat.
629 3967 663 4020 35
686 3964 841 4019 addendus
860 3963 991 4018 uidetur.

397 4039 440 4108 48)
461 4037 576 4092 Eodem
604 4036 692 4090 modo
714 4037 819 4092 Crates
841 4037 970 4106 clipeum
989 4036 1116 4090 Achillis
1143 4033 1250 4088 mundi
1277 4039 1375 4088 instar

305 4107 418 4164 lactum
438 4127 504 4163 esse
525 4113 655 4179 sumpsit
677 4107 739 4177 (cfr.
761 4126 836 4178 quae
850 4107 952 4161 Maass
966 4108 1079 4161 Aratea
1096 4125 1123 4176 p.
1144 4106 1196 4160 186
1216 4105 1260 4159 ad.
1281 4105 1376 4159 schol.

303 4181 387 4234 Arat.
407 4199 436 4235 u.
456 4182 491 4234 26
511 4179 690 4250 adnotauit).

1182 4264 1215 4320 4*
