3384 5025
726 1276 893 1383 Uita.

367 1543 478 1607 Bruno
510 1540 649 1606 Albinus
680 1541 817 1605 Mueller
848 1541 1009 1606 Brunonis
1042 1540 1155 1605 Albini
1185 1540 1207 1603 f.
1240 1550 1344 1605 matre

278 1631 375 1695 Anna
397 1632 556 1697 Lauretta
584 1640 722 1716 egente
745 1630 881 1711 Rother,
913 1630 989 1693 fidei
1017 1628 1223 1715 evangelicae
1250 1640 1347 1698 natus

282 1743 351 1784 sum
375 1720 525 1785 Dresdae
542 1743 571 1784 a.
596 1720 628 1785 d.
646 1719 738 1784 VIlI.
760 1718 834 1785 Kal.
852 1718 938 1804 Sept.
963 1720 1041 1783 anni
1064 1720 1205 1805 proximi
1227 1719 1348 1783 saeculi

279 1809 440 1873 LXXIX.
464 1808 640 1874 Puerulum
664 1808 712 1873 VI
737 1831 910 1890 annorum,
935 1831 1009 1872 cum
1031 1819 1143 1889 matre,
1168 1809 1259 1871 cuius
1283 1830 1345 1871 me·

279 1899 415 1962 moriam
431 1921 559 1984 semper
574 1899 628 1983 pio
645 1910 802 1983 gratoque
818 1898 925 1961 animo
942 1897 1055 1979 colam,
1079 1896 1211 1961 orbatus
1233 1919 1347 1977 essem,

281 1997 372 2072 pater
395 1989 429 2051 in
452 1986 565 2051 ludum
589 1990 691 2068 misit,
719 1997 755 2051 ut
777 1986 961 2051 litterarum
984 1986 1151 2051 elementis
1174 1986 1347 2052 imbuerer.
1437 2002 1440 2007 “

279 2074 333 2140 Ibi
356 2087 427 2142 octo
452 2098 551 2140 anuos
575 2085 721 2140 uersatus
749 2076 912 2161 gymnasii
935 2076 1044 2152 realis,
1075 2075 1160 2160 quod
1184 2074 1226 2138 ab
1250 2074 1348 2139 Anna

280 2186 382 2229 uxore
397 2163 539 2250 Augusti
563 2164 709 2230 electoris
721 2164 887 2229 ¹Senoniae
906 2186 1022 2229 nomen
1039 2164 1145 2243 habet,
1170 2164 1347 2249 discipulus

282 2272 341 2339 per
370 2265 438 2318 tres
470 2276 570 2317 annos
594 2252 735 2318 Oertelio
767 2265 925 2338 regnante
957 2253 1014 2332 fui,
1047 2252 1103 2317 ubi
1136 2275 1187 2316 me
1218 2262 1347 2339 praeter

283 2354 409 2407 ceteros
438 2342 583 2407 doctores
612 2342 759 2428 inprimis
786 2342 946 2407 Ioannem
969 2341 1196 2431 Lohmannum
1222 2341 1346 2406 mathe-

282 2432 437 2495 maticum
461 2433 648 2517 magistrum
666 2432 835 2518 egregium
851 2442 981 2496 nactum
998 2454 1147 2495 essenon
1163 2430 1359 2495 obliuiscar(

282 2521 399 2586 Postea
428 2544 487 2606 per
524 2522 691 2586 biennium
726 2521 802 2585 inde
836 2545 856 2584 a
891 2545 968 2586 uere
1003 2522 1080 2585 anni
1106 2520 1346 2584 LXXXXVII.

176 2669 179 2674 ,
282 2611 316 2674 in
350 2611 520 2696 gymnasio
552 2611 752 2684 Wettiniano
787 2612 920 2695 egregia
954 2611 1126 2695 disciplina
1161 2632 1237 2673 usus
1276 2632 1348 2673 sum

282 2696 322 2768 Ο.
340 2698 498 2776 Meltzeri,
515 2698 606 2762 Arm.
628 2699 786 2783 Dungeri,
811 2699 865 2763 Fr.
882 2699 1018 2764 Polandi
1040 2699 1240 2784 aliorumque
1264 2699 1348 2763 uiro·

282 2811 354 2853 rum
379 2788 561 2870 doctorum,
590 2811 726 2874 quorum
755 2786 982 2872 benignitatis,
1011 2810 1076 2873 qua
1102 2789 1136 2850 in
1163 2810 1216 2851 mc
1243 2799 1347 2866 erant,

283 2899 410 2962 semper
433 2899 556 2942 memor
579 2878 640 2942 erit
663 2879 799 2942 animus.
845 2877 929 2940 Tum
954 2877 1103 2940 dimissus
1122 2875 1206 2938 hanc
1228 2875 1370 2947 littera,

282 2989 354 3029 rum
366 2965 474 3030 sedem
488 2966 562 3030 adii.
609 2965 719 3053 Atque
732 2965 855 3030 beanus
868 2965 998 3051 quidem
1014 2966 1119 3050 magis
1134 2965 1236 3028 multa
1251 2988 1348 3051 quam

283 3053 419 3121 multum
446 3056 598 3141 tractaui,
628 3065 743 3140 postea
775 3056 949 3140 praecipue
980 3053 1175 3141 philologiae
1202 3053 1349 3118 Graecae

282 3141 510 3230 Romanaeque
530 3157 562 3208 et
578 3143 822 3228 archaeologiae
838 3165 970 3228 operam
987 3145 1116 3208 nauaui.
1158 3142 1349 3207 Doouerunt

282 3254 334 3296 me
358 3233 422 3297 uiri
443 3233 706 3318 praeclarissimi:
735 3233 941 3317 Brugmann,
966 3231 1146 3312 Buchholz,
1170 3231 1349 3313 Cichorius,

199 3369 202 3373 -
281 3321 426 3402 Heinze,
470 3322 639 3402 lmmisch,
684 3321 910 3404 Koetzschke,
952 3320 1167 3406 Lamprecht,
1210 3320 1350 3404 Lipsius,
1409 3353 1413 3359 ·

282 3409 427 3491 Martini,
451 3411 593 3491 Maroks,
623 3411 735 3487 Marx,
769 3409 906 3474 Sohiller
930 3412 985 3494 (†),
1019 3409 1175 3495 Seeliger,
1208 3410 1349 3490 Sievers,

283 3497 469 3579 Steindorff,
495 3499 705 3582 Studniozka,
722 3497 947 3563 Wachsmuth.
997 3498 1039 3562 Ut
1062 3501 1096 3563 in
1118 3500 1350 3584 proseminario

283 3596 315 3650 et
346 3588 381 3651 in
413 3588 586 3652 seminario
619 3587 855 3674 philologorum
884 3611 1002 3668 essem,
1026 3587 1214 3669 lmmischii,
1237 3589 1349 3674 Lipsii,

284 3675 440 3755 Martinii,
468 3677 603 3758 Marxii,
633 3676 873 3741 Wachsmuthii
900 3675 1126 3740 benevolentia
1154 3676 1352 3740 factumest

282 3763 395 3850 ibique
417 3785 477 3849 per
501 3767 673 3851 quinquies
697 3788 754 3829 sex
781 3787 906 3828 menses
934 3764 1207 3850 disputationibus
1234 3765 1351 3830 sodalis

285 3852 467 3917 ordinarius
488 3854 628 3920 interfui.
673 3854 756 3918 Tum
780 3854 922 3939 benigne
937 3853 1139 3919 Studniozka
1161 3877 1213 3918 me
1237 3853 1351 3919 sodali·

285 3937 348 4002 bus
378 3942 542 4006 seminarii
575 3942 823 4027 archaeologici‚
858 3944 911 4006 cui
942 3954 1085 4027 praeest,
1117 3943 1193 4007 inde
1220 3966 1240 4006 a
1273 3966 1351 4007 uere

286 4027 365 4090 anui
381 4025 488 4094 Meu.
508 4029 688 4114 adscripsit.
735 4031 875 4111 Deinde,
899 4032 1059 4117 quomodo
1082 4033 1116 4095 in
1132 4033 1247 4096 studiis
1269 4031 1351 4096 litte-

285 4137 397 4178 rarum
409 4113 676 4184 Germanicarum
686 4120 926 4206 procedendum
939 4133 1031 4206 esset,
1043 4121 1149 4207 quoad
1157 4143 1216 4205 per
1225 4130 1352 4206 tempus
