3384 5025
753 462 973 525 ..20-

331 664 516 729 quanquam
551 652 626 705 ante
660 638 1015 721 eumA1·istarchus¹⁰)
1050 642 1169 704 rectius
1197 638 1238 703 de
1260 638 1323 702 hoc
1345 660 1401 701 vo·

332 730 447 797 cabulo
463 730 636 795 Homerica
652 729 884 793 consuetudine
901 728 985 791 bene
1001 729 1174 795 obseruata
1187 727 1401 814 disseruerat)

332 819 446 907 poculo
469 820 568 884 fuisse
592 818 716 899 statuit,
741 819 796 903 qui
820 818 947 881 duabus
971 813 1142 885 πελειάσιν
1165 817 1218 882 661
1241 815 1402 883 Πλειάσιν

332 910 538 990 inniteretur,
573 907 692 971 deinde
724 904 867 991 capitula
899 906 1076 986 clauorum,
1111 908 1167 993 qui
1202 906 1273 969 aliis
1302 909 1401 970 inter·

332 998 478 1085 pratibus
502 998 703 1061 extrinsecus
726 994 842 1080 poculo
866 997 956 1058 intix'
978 996 1176 1061 uidebantur
1195 996 1265 1074 (cir.
1282 994 1401 1060 Athen.

333 1110 365 1173 p.
389 1085 529 1173 488blc)
559 1086 645 1149 uasis
680 1097 795 1149 uentre
827 1106 906 1147 aure
958 1084 1084 1171 aliquid
1110 1080 1164 1148 hic
1186 1084 1253 1148 illic
1275 1084 1402 1169 scalpro

333 1198 431 1263 super
466 1175 626 1260 reliquam
653 1174 824 1258 superficie
886 1195 1040 1257 expresso
1063 1176 1166 1239 instar
1188 1198 1302 1238 uasum
1326 1196 1402 1260 quo·

333 1265 471 1331 rundam
502 1263 785 1329 Corinthiacorum
800 1263 998 1327 ‘secundum
1030 1262 1178 1349 Apellam
1207 1264 1402 1327 caelatorem

334 1356 451 1420 effecta
475 1375 554 1435 esse,
578 1354 634 1439 qui
656 1362 827 1438 praeterea
845 1351 1007 1417 docuisset
1031 1355 1162 1439 utrique
1178 1354 1272 1417 lateri
1288 1375 1401 1416 ansam

335 1444 443 1525 fuisse,
476 1464 561 1527 quae
592 1441 650 1506 ubi
682 1450 715 1505 et
746 1463 766 1506 a
797 1452 913 1505 ventre
944 1454 977 1506 et
1006 1464 1025 1504 a
1059 1443 1160 1507 latere
1192 1444 1335 1522 distaret,
1368 1443 1403 1503 in

335 1532 428 1597 binos
463 1529 596 1595 baculos
637 1530 759 1595 diffissa
800 1541 897 1611 esset,
937 1542 973 1595 ut
1007 1541 1162 1617 quattuor
1196 1554 1294 1595 ausae
1328 1530 1403 1593 illae

335 1622 472 1685 Homeri
516 1621 722 1697 exsisterent3
735 1620 777 1703 41)
821 1618 948 1683 labrum
986 1632 1097 1684 autem
1141 1623 1187 1684 ita
1232 1613 1404 1687 πελειάσιν

337 1708 469 1775 stellatis
496 1710 517 1779 i,
546 1732 572 1773 6.
603 1710 672 1773 siue
695 1708 879 1793 uirginibus
914 1711 984 1773 siue
1007 1708 1123 1774 auibus
1147 1709 1220 1795 (cfr.
1243 1732 1275 1794 p.
1298 1708 1404 1792 491d)

338 1812 486 1864 ornatum
503 1819 583 1881 esse,
599 1810 634 1863 ut
650 1797 748 1863 binae
765 1797 806 1861 ad
822 1820 933 1862 ausam
948 1809 1120 1884 utramque
1136 1811 1252 1879 essent,
1277 1798 1404 1883 quibus,

337 1891 365 1953 si
388 1887 473 1952 duae
497 1886 571 1951 illae
595 1886 655 1952 sub
679 1886 779 1951 fundo
804 1888 936 1971 positae,
960 1910 1041 1972 quas
1065 1911 1162 1973 supra
1177 1909 1405 1952 commemora·

341 1980 456 2059 nimus,
483 1976 692 2057 adderentur,
716 1998 869 2039 numerus
891 2000 950 2040 sex
967 1978 1144 2057 Pleiadum,
1169 2000 1249 2062 quas
1265 1979 1299 2040 in
1316 1976 1405 2040 66610

340 2066 448 2130 uideri
480 2064 600 2130 Aratus
631 2065 806 2129 Phaonem.
843 2088 890 2133 us.
929 2068 991 2131 267
1033 2066 1203 2146 docuisset,
1242 2066 1406 2129 euaderet.

338 2156 492 2241 Denique
532 2155 682 2220 ultimum
720 2154 835 2219 horum
877 2177 1030 2219 uersuum
1065 2152 1192 2243 ζήτημα
1230 2154 1407 2219 dissoluere

338 2266 444 2324 ausus,
475 2244 562 2328 quod
590 2255 665 2308 ante
690 2266 762 2308 eum
787 2244 962 2329 praecipue
985 2242 1179 2308 Aristoteles
1203 2244 1313 2328 (schol.
1338 2244 1407 2308 cod.

338 2333 438 2396 Paris
482 2334 568 2398 2679
608 2333 649 2397 ad
685 2339 724 2398 Λ
759 2335 821 2399 637
864 2356 915 2419 ap.
954 2332 1146 2398 Cramerum
1183 2332 1309 2398 Aneed.
1349 2332 1407 2398 Gr.

338 2424 436 2485 Paris.
452 2424 499 2482 Ill
517 2443 548 2505 p.
564 2422 626 2503 16),
647 2420 792 2485 Sosibius
807 2414 825 2487 ὁ
841 2420 970 2500 locande
985 2421 1119 2508 (Athen.
1137 2446 1167 2506 p.
1183 2420 1409 2509 4113614946),

339 2509 549 2576 Aristarchus
573 2510 686 2596 (schol.
702 2517 818 2578 ΛΒΤ
837 2520 876 2580 Λ
895 2514 974 2597 636)
1005 2522 1238 2595 tractauerunt,
1274 2511 1410 2576 aliorum

339 2623 509 2688 peruersas
546 2601 834 2686 interpretationes
874 2613 963 2666 recte
995 2601 1163 2684 refutauit,
1196 2603 1254 2666 sed
1284 2604 1317 2666 in
1350 2603 1406 2682 eis,

340 2713 424 2778 quae
447 2691 516 2776 ipse
539 2689 658 2774 attulit,
681 2691 790 2775 inepte
811 2701 952 2775 nugatus
967 2697 1023 2755 'est
1046 2692 1092 2776 (v.
1117 2715 1146 2776 p.
1170 2690 1281 2776 4930).
1415 2689 1418 2692 ’

430 2781 537 2863 Pergo
568 2781 635 2843 iam
673 2779 714 2844 ad
753 2777 908 2860 subsidia,
947 2780 1065 2865 quibus
1101 2779 1135 2842 in
1173 2779 1223 2843 his
1260 2778 1408 2844 uersibus

341 2867 543 2953 explicandis
559 2891 636 2932 usus
653 2881 711 2932 est.
736 2869 786 2932 Ac
801 2870 942 2954 primum
959 2868 1088 2955 quidem
1104 2871 1249 2933 maxima
1263 2870 1408 2933 vanitate

342 2971 376 3020 et
407 2956 557 3020 fatuitate
590 2957 686 3020 nullis
717 2956 876 3021 machinis
907 2981 949 3021 ne
982 2958 1156 3043 allegoriae
1187 2957 1319 3043 quidem
1347 2980 1409 3022 nec
1468 3033 1470 3037 ‚

341 3045 600 3110 coniecturarum
611 3046 763 3130 periculis
779 3048 896 3131 spretis
908 3047 1052 3112 Homero
1066 3058 1182 3132 poetae
1194 3047 1410 3132 simplicitatis
1505 3075 1508 3078 ⁴

341 3205 443 3276 poculi
471 3202 597 3257 fundum
626 3208 659 3256 in
683 3201 757 3258 duas
781 3213 883 3330 partes
909 3205 1090 3276 dispositum
1110 3225 1185 3272 6666,
1215 3225 1341 3277 quarum
1360 3224 1409 3259 su-

276 3333 277 3338 ,
342 3281 442 3347 perior
471 3275 508 3328 ad
531 3277 700 3330 naturalem
727 3274 781 3330 lun

343 3366 420 3402 onus
441 3353 613 3412 sustineret,
634 3346 710 3400 16160
730 3365 772 3414 ea,
793 3367 869 3418 quae
888 3367 915 3419 p.
929 3349 1006 3402 4896
1023 3351 1174 3420 leguntur,
1193 3350 1246 3402 ubi
1267 3348 1302 3402 de
1319 3367 1410 3419 pocu-

341 3420 440 3471 lorum
459 3420 620 3490 generibus
642 3423 749 3490 agitur,
771 3419 807 3473 ad
825 3421 1015 3490 Myrleanum
1035 3423 1189 3476 rettulisse
1208 3419 1338 3486 uidetur,
1359 3425 1412 3490 qui

363 3531 369 3542 .
389 3491 464 3542 4926
486 3485 538 3541 oto
559 3490 634 3556 (soil.
648 3485 801 3560 πελειάδες)
823 3485 1023 3562 ὑποπυθμένες
1040 3493 1152 3564 legisse
1171 3497 1201 3546 et
1219 3509 1315 3544 unum
1326 3496 1411 3546 uasis

341 3508 469 3614 lundam
488 3565 632 3613 statuisse
653 3559 774 3616 disertis
792 3564 895 3616 uerbis
916 3562 1033 3622 dicitur.

432 3631 466 3698 ⁴⁰)
489 3629 546 3684 Cir.
568 3631 744 3702 Helbigium
763 3635 781 3688 1.
802 3651 825 3687 s.
845 3652 872 3703 p.
893 3635 946 3687 372
966 3652 1008 3703 sq.

432 3702 466 3770 ⁴¹)
488 3701 632 3755 Eiusdem
660 3708 781 3772 generis
811 3709 894 3758 ansis
923 3723 978 3759 666
1025 3707 1278 3760 raeclarissimum
1303 3710 1412 3761 aetatis

344 3771 567 3854 Alexandrinae
588 3771 668 3842 quod
690 3773 800 3828 dicitur
817 3768 858 3828 ‘la
878 3793 972 3846 coupe
1013 3795 1044 3832 66
1064 3773 1243 3832 Ptolemdcs'
1266 3777 1303 3846 (6.
1318 3779 1413 3832 Bebe-

343 3845 461 3898 lonium
502 3843 595 3897 Oatal.
626 3843 666 3897 du
695 3846 757 3898 cab.
787 3845 839 3900 des
870 3849 986 3901 cameos
1016 3848 1051 3902 de
1079 3849 1109 3901 16
1137 3851 1208 3902 bibl.
1236 3843 1307 3902 nat'
1332 3856 1353 3903 t.
1377 3851 1413 3903 43

343 3934 373 3969 n.
398 3915 450 3969 368
477 3920 505 3969 et
525 3915 805 3987 Furtwaenglerurn
827 3911 951 3972 ‘Antike
972 3915 1126 3974 Gemmen'
1153 3921 1245 3991 Hip.
1266 3921 1360 3990 15718)
1382 3926 1414 3974 et

345 3987 487 4111 inimum
516 3985 666 4068 quoddam
695 3989 830 4042 thesauri
857 3989 1094 4060 Bennopolitani
1122 3991 1161 4060 (v.
1181 3993 1355 4046 Pernicium
1384 4000 1415 4045 et

385 4063 516 4110 interum
554 4058 615 4111 Der
643 4058 867 4114 Hildesheinrer
895 4057 1075 4115 Silberiund’
1104 4070 1123 4116 t.
1149 4065 1190 4129 17,
1211 4065 1238 4133 2)
1264 4068 1416 4118 instructa

345 4146 413 4182 esse
434 4127 615 4182 Studniczka
635 4135 760 4185 comiter
778 4150 825 4185 mo
846 4131 973 4185 edocuit.

802 3296 854 3330 um
882 3282 965 3331 uasis
990 3284 1148 3348 spectaret,
1168 3276 1297 3332 triferior.
1311 3284 1411 3330 totum
