3384 5025
761 511 971 577 ,15-

335 695 439 751 totum
466 684 573 750 locum
601 710 699 773 quam
727 690 971 754 accuratissime
999 690 1210 773 interpretari
1235 713 1314 773 opus
1341 699 1400 772 est,

335 798 400 861 qua
434 776 467 839 in
499 798 534 839 re
568 777 715 860 inprimis
747 780 857 863 sagaci
886 779 1094 865 dilucidaque
1122 780 1402 865 argumentatione

293 896 297 907 ·
335 865 556 931 Atenstaedtii
578 864 598 934 l.
624 890 648 929 s.
673 889 705 949 p.
725 870 785 933 121
811 890 857 953 sq.
881 870 1015 947 utimur:
1040 868 1214 956 προτέροις
1236 870 1400 953 scriptori·

334 956 411 1037 bus,
448 956 504 1039 qni
536 954 627 1019 initio
659 954 721 1019 loci
754 968 1062 1040 commemorantur,
1093 958 1231 1041 oppositi
1262 968 1337 1022 sunt
1369 955 1398 1025 oi

334 1050 399 1125 νῦν,
425 1031 540 1123 ”1λοις,
565 1045 622 1129 qui
645 1044 745 1109 sclam
768 1056 888 1110 terram
911 1048 997 1111 intra
1011 1046 1143 1111 Iberum
1162 1069 1290 1111 amnem
1307 1048 1401 1112 sitam

317 1132 475 1197 'iberiam
514 1134 777 1215 nominauerunt,
817 1132 849 1200 oi
884 1132 933 1201 ἔτι
973 1133 1143 1224 πρότερον,
1184 1137 1240 1221 qui
1276 1136 1401 1221 Igletes

330 1232 679 1301 commemorauerunt.
725 1224 771 1287 Hi
794 1224 964 1289 Strabonis
991 1224 1045 1289 uel
1064 1226 1171 1308 potius
1195 1224 1401 1309 Asclepiadis

335 1310 453 1395 Igletes
480 1311 657 1375 secundum
681 1311 718 1376 O.
742 1312 937 1378 Muellerum
960 1315 1002 1379 ad
1030 1314 1250 1379 Ptolemaeum
1278 1338 1310 1399 p.
1337 1317 1399 1381 192

335 1401 419 1483 adn,
448 1401 504 1487 qui
531 1402 564 1463 in
593 1423 631 1465 eo
659 1402 882 1468 tantummodo
910 1415 1012 1485 errat,
1041 1403 1273 1489 quodlgletes
1303 1414 1400 1489 atque

334 1491 529 1573 posteriores
541 1488 697 1574 llergetes
720 1514 818 1557 unam
838 1493 1040 1579 eandemque
1057 1503 1186 1578 gentem
1203 1494 1301 1557 luisse
1317 1493 1401 1557 arbi·

334 1589 522 1657 natusest,
553 1580 659 1644 eidem
682 1580 814 1645 fuerunt
837 1592 936 1667 atque
961 1581 1085 1665 Gletes,
1112 1605 1191 1668 quos
1216 1582 1403 1647 Herodorus

334 1668 394 1754 frg.
420 1670 462 1733 29
486 1668 529 1733 M.
553 1670 638 1732 inter
653 1667 794 1755 Oynetes
811 1681 843 1735 et
859 1671 1038 1736 Tartessios
1054 1692 1212 1736 oceanum
1224 1672 1400 1736 accoluisse

334 1757 475 1835 tradidit,
509 1767 541 1821 et
554 1756 681 1841 Tletes,
717 1759 1247 1847 11111Τ111011011111011ς.242Μ.
1273 1761 1402 1825 finitimi
1507 1834 1524 1838 ,1

335 1847 572 1912 Tartessiorum
599 1859 684 1930 sunt,
713 1859 746 1913 et
768 1848 896 1930 Ileates,
925 1851 981 1935 qui
1003 1850 1184 1915 secundum
1205 1849 1325 1913 Auieni
1347 1874 1402 1934 pe·

333 1936 505 2022 riplumtss)
530 1960 577 2001 us.
603 1938 667 2005 302
684 1938 769 2002 inter
784 1938 964 2004 Tartessios
981 1952 1014 2004 et
1031 1938 1185 2024 Cempsos
1201 1938 1402 2022 habitavere,

335 2025 451 2112 quibus
464 2048 506 2089 ex
522 2027 711 2091 testimoniis
727 2049 780 2095 eos
797 2029 884 2092 circa
900 2039 1050 2113 quartum
1066 2052 1094 2097 a.
1107 2028 1182 2093 Chr.
1193 2052 1225 2091 n.
1238 2028 1405 2093 saeculum·

333 2117 368 2179 in
400 2115 581 2183 meridiana
612 2116 791 2201 Hispaniae
824 2127 917 2201 parte
949 2117 1042 2182 sedes
1074 2118 1225 2182 babuisse
1257 2118 1403 2203 sequitur

333 2204 442 2290 Atque
459 2227 533 2268 cum
546 2205 676 2269 Iberum
692 2228 819 2269 amnem
832 2206 954 2269 Auiani
968 2207 1027 2290 (us.
1042 2207 1120 2289 248)
1133 2206 1174 2271 ab
1188 2208 1312 2271 oriente
1324 2207 1402 2271 Tar·

334 2296 448 2359 tessios
473 2296 691 2359 continentem
715 2294 838 2359 nullum
857 2295 957 2359 alium
974 2296 1037 2360 nisi
1054 2295 1166 2361 Urium
1182 2297 1401 2361 Romanorum

333 2404 418 2465 esse,
453 2405 548 2469 quem
584 2382 681 2449 bodie
715 2394 834 2449 uocant
868 2385 979 2466 Tinto,
1013 2385 1227 2450 Muellenboff
1257 2376 1401 2450 ‘Dtscha

333 2466 552 2537 Altera-Kde'
574 2472 605 2536 [²
621 2495 652 2556 p.
672 2476 734 2542 119
752 2474 1012 2556 demonstrasset,
1037 2497 1133 2562 quem
1148 2474 1272 2560 Unger.
1288 2474 1402 2539 Philol.

332 2562 435 2648 suppl.
469 2563 520 2628 IV
551 2585 581 2646 p.
616 2567 695 2640 211,
728 2564 864 2630 Hansen
896 2565 1034 2650 Ephem.
1071 2564 1181 2650 philol.
1213 2565 1322 2628 Brem.
1353 2564 1403 2630 IV

332 2673 362 2734 p.
390 2654 491 2732 1427,
527 2651 640 2738 Sonny
671 2653 725 2716 De
756 2653 1008 2719 Massiliensium
1040 2654 1137 2719 rebus
1169 2677 1199 2738 p.
1223 2657 1264 2720 37
1299 2655 1403 2718 secuti

333 2753 419 2811 sunt,
451 2741 620 2806 Strabonis
649 2741 718 2806 loco
746 2765 890 2808 errorem
912 2744 989 2808 inde
1013 2753 1119 2808 ortum
1142 2742 1289 2824 subesse,
1317 2743 1402 2828 quod

333 2829 551 2894 meridionalis
574 2829 628 2894 ille
643 2830 758 2895 Iberus
782 2854 857 2895 cum
872 2831 1126 2916 septemtrionali
1142 2830 1292 2896 confusus
1308 2842 1402 2914 esset,

332 2919 473 3002 primum
497 2917 686 2983 dubitanter
702 2919 836 2984 Hansen
859 2920 880 2988 l.
904 2944 928 2989 s.
954 2944 979 2985 s.
1004 2922 1186 3007 suspicatus
1208 2932 1266 3004 est,
1289 2931 1403 3007 postea

332 3006 526 3073 Atenstaedt
549 3007 568 3072 l.
585 3031 609 3071 s.
626 3031 656 3092 p.
676 3008 775 3096 12118
792 3009 1037 3095 diligentissime
1054 3011 1298 3077 demonstrauit.
1338 3009 1403 3090 Qui

333 3119 375 3160 ex
403 3096 465 3162 hac
488 3100 771 3183 argumentatione
795 3102 970 3183 profectus,
1002 3123 1076 3164 cum
1099 3101 1219 3165 Auiani
1242 3100 1283 3164 de
1306 3098 1402 3165 lbero

332 3185 422 3250 locus
446 3209 520 3252 curn
536 3186 706 3252 Strabonis
729 3188 839 3253 verbis
864 3190 993 3254 traditis
1017 3189 1076 3278 τὴν
1099 3189 1190 3268 torto
1211 3194 1269 3256 τοῦ
1282 3183 1403 3276 Ἴβηρος

332 3277 464 3340 omnino
482 3299 545 3340 non
563 3278 770 3360 consentiret,
790 3277 965 3364 legendum
983 3301 1054 3343 esse
1069 3278 1127 3367 τὴν
1142 3276 1234 3357 tarde
1249 3284 1307 3344 τοῦ
1319 3272 1402 3365 Ἴβη-

331 3391 385 3451 ρος
410 3367 544 3448 censuit,
569 3387 652 3450 quae
669 3368 857 3432 coniectura
872 3367 925 3433 uel
941 3368 1019 3433 inde
1036 3367 1291 3448 commendatur,
1316 3366 1402 3452 quod

333 3452 449 3519 Strabo
473 3455 507 3518 in
530 3455 609 3536 ripis
624 3454 718 3519 Anae
740 3457 841 3520 uicini
864 3456 1005 3521 fluminis
1026 3455 1247 3540 significandis
1263 3456 1401 3520 eandem

331 3543 491 3607 rationem
519 3554 647 3607 secutus
676 3546 784 3630 estw)
831 3545 983 3630 Origines
1010 3546 1111 3630 igitur
1133 3545 1313 3630 Hispaniae
1339 3544 1402 3608 boc

334 3654 462 3717 quoque
494 3632 687 3716 fragmento,
718 3644 754 3698 ut
784 3657 828 3698 ex
858 3634 1078 3718 disputatione
1114 3635 1232 3699 diffusa
1259 3635 1402 3716 fructum

334 3722 510 3804 capiamus,
533 3721 745 3806 Asclepiades
768 3725 924 3788 tractauit
946 3734 1045 3810 atque
1068 3724 1216 3789 doctrina
1238 3723 1294 3788 illa
1313 3746 1401 3805 usus,

332 3833 429 3896 quam
454 3821 603 3876 auctores
627 3814 734 3899 quarti
761 3813 882 3878 saeculi
910 3813 1077 3897 exhibent,
1106 3813 1147 3878 de
1180 3825 1277 3898 gente
1306 3815 1401 3878 meri-

423 3971 465 4041 28)
486 3971 574 4024 Hanc
593 3973 701 4043 peripli
719 3980 835 4043 partem
852 3977 967 4026 auctori
980 3978 1089 4043 prioris
1103 3972 1165 4026 fore
1178 3977 1273 4043 partis
1288 3975 1401 4026 saeculi

329 4048 429 4111 quarti
460 4041 563 4096 deberi
589 4050 760 4114 nuperrimo
790 4044 1011 4099 demonstrauit
1038 4045 1070 4097 F.
1090 4045 1176 4097 Marx
1195 4063 1270 4098 mus.
1291 4045 1346 4099 Ru.
1366 4046 1399 4099 L.

334 4132 360 4184 p'
380 4116 561 4256 3111131111.
581 4186 635 4240 nr.
654 4205 681 4258 p.
702 4189 761 4242 139.
782 4190 831 4242 111
854 4189 884 4243 e.
