3384 5025
734 476 956 539 „49-

308 674 363 733 ne,
395 673 493 737 quam
525 652 718 717 sententiam
749 652 881 717 minime
911 650 1122 715 laudauerim.
1169 650 1269 730 Nam,
1302 649 1379 735 quia

308 740 363 817 illa
398 740 510 804 fabula
546 740 675 805 saeculo
710 742 821 826 quinto
855 750 1013 826 quartoue
1045 740 1214 805 notissima
1245 747 1315 812 erat
1347 747 1380 802 et

308 828 520 933 Asclepiades
556 852 629 894 cum
667 829 792 894 Duride
835 830 951 894 aetatis
981 828 1131 893 hellenist
1132 829 1204 892 icae
1234 829 1379 891 ineuntis

308 919 466 1004 scriptore
495 917 681 1001 collocatur,
713 928 769 1003 apt
770 920 879 983 issime
909 919 950 982 de
971 917 1155 1003 Tragilensi
1177 915 1231 981 hic
1254 916 1354 980 illic'
1344 939 1379 979 1n

308 1029 444 1093 corpore
471 1007 836 1093 paroemiographorum
864 1006 992 1095 (Apost.
969 1006 1048 1072 tX
1081 1008 1135 1087 65,
1163 1006 1263 1071 Mant.
1286 1027 1378 1091 pror.

308 1096 399 1181 144)
422 1095 519 1161 allam
487 1098 630 1183 mcegit
632 1098 680 1161 ari
702 1119 745 1183 po
746 1107 819 1178 test,
842 1119 941 1182 quem
963 1095 1076 1162 haec
1066 1119 1102 1160 ιιι
1122 1093 1380 1181 'lhagodumenis

309 1184 538 1251 enarrasseO
562 1185 697 1251 Mueller
719 1184 833 1250 ΒΗΘ
848 1184 954 1270 al.
972 1187 1037 1252 306
1061 1195 1151 1251 recte
1173 1186 1325 1295 sumpsit.
1471 1190 1475 1197 “

398 1275 534 1339 Prorsus
548 1286 712 1361 postremo
724 1275 845 1357 nescio,
863 1274 941 1361 quid
952 1273 1114 1361 Myrlcani
1126 1299 1205 1362 περι
1198 1270 1381 1362 Κραιινοο

310 1362 404 1446 liber,
428 1385 525 1449 quem
539 1362 735 1429 Susamihll.
752 1364 825 1429 sll
841 1385 874 1448 p
892 1366 931 1430 19
944 1362 1107 1429 Athenaei
1122 1362 1192 1427 loco
1204 1362 1256 1427 XI
1271 1384 1302 1448 p
1312 1364 1377 1429 501

310 1454 406 1517 nixus
430 1453 539 1517 animo
571 1452 632 1517 sibi
664 1453 774 1535 finxit,
809 1452 873 1517 sibi
904 1452 996 1532 uelit,
1029 1453 1183 1539 quoniam
1206 1461 1280 1516 ante
1305 1474 1380 1525 eum

310 1540 441 1623 ΚιὶΙιοΙ,
465 1563 538 1606 oum
561 1541 767 1608 Athenaeum
790 1542 914 1624 ederet,
936 1550 1009 1647 post
1024 1542 1109 1694 aspi
1133 1550 1167 1607 et
1190 1554 1266 1605 ante
1290 1548 1380 1646 Κρα-

311 1628 400 1699 τίνου
422 1630 573 1696 lacunam
597 1630 759 1697 hiaret
711 1640 759 1695 sat
761 1631 788 1694 is
811 1640 887 1717 apte
911 1632 1060 1697 coniecit:
1095 1629 1175 1697 ote*
1191 1624 1381 1738 Μυρλεανὸς

308 1713 600 1828 Ἀσκληπιάδης
584 1746 618 1787 εν
649 1724 719 1801 τοῖς
751 1719 827 1806 περὶ
857 1721 925 1809 [τῆς
954 1718 1166 1826 Νεστορίδος
1196 1715 1231 1784 ui
1259 1716 1380 1828 φιάλαι

311 1800 379 1876 ,υπὸ
417 1800 520 1914 suppl.
559 1808 688 1918 Kaibel]
730 1808 893 1916 Κρατίνου
928 1802 1227 1920 βαλανειομφαλοι,
1263 1806 1379 1917 φησίν,

310 1891 512 2005 ts'yovcot‚‘
502 1890 552 1964 ότι
576 1895 606 1965 oi
641 1893 786 1986 ὀιιφαλοί
810 1892 917 1964 αὐτῶν
948 1896 1007 1963 καί
1037 1924 1102 1963 τιον
1132 1894 1316 1981 βαλανείων
1348 1892 1378 1962 oi

312 1983 445 2053 dolet‘
434 1986 545 2070 ομοιοί
567 1984 660 2054 εἰσιν.

401 2073 484 2140 Cum
512 2098 663 2163 campum
690 2074 822 2161 longum
851 2085 884 2139 et
906 2076 1050 2161 pulueris
1074 2074 1207 2160 plenum
1230 2096 1380 2138 emensus

311 2162 446 2228 tandem
469 2165 590 2230 sudans
613 2166 656 2229 ad
679 2176 799 2229 metam
822 2165 1037 2251 percensum,
1063 2165 1097 2228 in
1127 2164 1314 2227 universum
1338 2161 1379 2226 de

312 2252 506 2338 Asclepiade
539 2253 748 2320 iudicandum
783 2265 840 2318 est.
855 2254 900 2339 ⁹⁷)
955 2253 1099 2318 Natus
1090 2253 1192 2337 1gitur
1223 2250 1380 2338 Myrleae,

312 2342 400 2428 quod
413 2342 588 2428 Bithyniae
613 2343 767 2429 oppidum
790 2345 938 2429 proxime
953 2342 1113 2427 Pergamo
1137 2352 1217 2423 erat,
1241 2353 1282 2420 et,
1306 2363 1381 2405 cum

312 2441 395 2495 esset
428 2433 573 2508 iuuenis,
608 2432 830 2497 Alexandriae
864 2431 925 2497 sub
957 2431 1142 2497 Ptolemaeo
1177 2391 1269 2497 VllI.
1303 2452 1380 2515 rege

312 2520 473 2608 philologo
498 2533 645 2588 uersatus
669 2533 733 2606 est,
764 2533 890 2588 utnon
913 2522 1030 2586 mirum
1052 2522 1109 2604 sit,
1081 2520 1224 2608 tquod
1247 2532 1279 2584 et
1301 2520 1380 2584 Per-

311 2633 523 2695 gamenorum
547 2621 579 2676 et
566 2611 896 2677 tAlcxandrinorum
919 2611 1112 2696 disciplinae
1132 2609 1212 2674 mult
1200 2620 1268 2674 tum
1292 2608 1381 2694 apud

311 2721 385 2763 eum
408 2700 590 2766 uoluerunt.
636 2702 721 2766 Nam
745 2724 819 2766 eum
844 2700 1010 2765 Crateteos
1034 2709 1199 2780 secutum,
1232 2721 1306 2763 cum
1330 2720 1379 2760 ar-

311 2797 376 2852 tem
408 2789 649 2894 philologcrum·
677 2788 856 2872 diuideret,
888 2788 1086 2874 peculiarem
1118 2799 1191 2873 part
1193 2810 1244 2853 sm
1274 2809 1380 2871 gram

312 2878 463 2944 matieam
498 2880 702 2944 constituisse
734 2901 832 2964 supra
864 2879 1055 2942 monuimus.
1107 2877 1238 2942 Deinde
1270 2898 1381 2940 eorum

311 2968 450 3042 auctorit
438 2978 486 3032 tas
517 2967 593 3032 inde
626 2979 681 3054 opt
668 2969 746 3033 time
778 2968 943 3053 cognoscit
944 2990 997 3047 ur,
1032 2966 1117 3053 quod
1141 2989 1199 3031 sua
1222 2966 1298 3030 doct
1285 2966 1380 3045 trina,

264 3119 267 3126 .
313 3077 377 3121 non
409 3067 524 3142 poetae
556 3057 664 3122 uerbis
694 3080 771 3122 usus
804 3057 949 3120 carmina
972 3056 1107 3121 Homeri
1137 3056 1227 3120 miris
1259 3055 1382 3139 ingenii

312 3145 458 3210 artificiis
490 3145 667 3232 explicauit
699 3157 731 3210 et
763 3169 803 3210 ea
833 3168 900 3209 non
927 3145 969 3210 ad
993 3144 1216 3233 ψυχαγωγίαν,
1249 3145 1306 3208 sed
1339 3144 1381 3207 ad

312 3234 527 3303 διδασκαλίαν
549 3235 668 3320 legent'
660 3258 727 3300 rum
750 3236 930 3320 composita
952 3255 1021 3298 esse
1044 3233 1157 3298 uoluit.
1194 3232 1279 3297 Eum
1295 3233 1382 3296 enim

312 3332 414 3388 sectat
401 3333 505 3388 torem
538 3323 612 3389 subt
613 3324 697 3389 ilitat
684 3335 753 3389 tum
795 3324 1098 3428 astronomicarum,
1141 3343 1206 3385 non
1251 3332 1327 3407 poet
1328 3343 1381 3384 am

313 3422 400 3476 aetat
401 3413 429 3476 is
461 3413 614 3516 simplicit
616 3415 678 3478 atis
709 3413 955 3498 plenissimae'
946 3423 993 3480 lta
959 3411 1086 3476 tsibi
1113 3411 1220 3475 animo
1244 3410 1380 3490 effinxit,

313 3511 349 3563 ut
384 3500 497 3567 Oratet
450 3503 525 3566 ttis
559 3502 663 3566 fidelis
700 3501 876 3588 discipulus
912 3523 980 3566 esse
1015 3498 1173 3564 uideatur.
1233 3498 1306 3579 Qua
1341 3498 1382 3563 de

314 3610 412 3654 causa
434 3591 467 3653 in
491 3590 593 3655 Arato
622 3613 750 3678 quoque
783 3590 977 3676 explicando
1010 3589 1118 3654 studia
1149 3611 1208 3654 sua
1238 3591 1383 3674 posuisse

313 3677 402 3743 uidet
389 3688 451 3743 tur.
498 3679 613 3766 Neque
636 3703 657 3743 a
678 3681 891 3764 Pergamenis
915 3678 1071 3744 absonum
1095 3688 1160 3759 est,
1192 3679 1277 3764 quod
1310 3677 1382 3742 dili·

315 3769 533 3850 gentissimam
569 3792 701 3873 operam
736 3770 771 3832 in
803 3768 919 3833 studiis
952 3729 1178 3871 geographicis
1213 3767 1384 3833 collocauit

314 3863 410 3944 atque
439 3856 481 3921 de
508 3859 613 3944 patria
635 3868 751 3924 suaet
738 3858 815 3922 tde
839 3857 963 3922 Turdet
950 3857 1053 3940 tania,
1086 3856 1144 3921 ubi
1177 3867 1280 3922 artem
1310 3880 1383 3942 pro-

313 3999 526 4010 ——.......

402 4067 435 4139 ⁸⁷)
458 4068 515 4123 etr.
536 4070 733 4125 Lehrsiuml.
754 4089 776 4124 s.
797 4089 824 4140 p.
838 4072 899 4136 434,
919 4069 1219 4124 Wachsmuthiuml.
1239 4087 1262 4122 s.
1281 4087 1308 4139 p.
1329 4071 1380 4137 6,4

314 4139 573 4211 Scngebuschium
593 4143 720 4197 Dissert.
740 4142 829 4195 Hom.
849 4161 892 4212 pr.
912 4160 939 4212 p.
960 4143 1002 4195 61.
