3384 5025
740 489 959 560 ...42„.

316 668 527 739 subsidiorem
551 671 666 738 seriem
690 682 875 758 receperat,
908 672 998 738 locus
1026 682 1132 737 certus
1155 671 1253 737 fuisse
1275 669 1384 737 uidea-

316 776 377 847 tur,
402 764 606 850 Asclepiadis
630 764 823 828 diuisionem
846 785 882 827 ro
905 784 983 827 uera
1005 786 1070 827 non
1093 762 1135 827 ad
1158 764 1303 827 carmina
1321 784 1384 825 rne-

317 854 379 917 lica
406 855 491 940 ipsa,
524 852 582 919 sed
610 853 653 917 ad
680 863 827 937 tempora
854 852 986 934 festiue,
1019 854 1106 917 unde
1138 851 1194 916 illa
1225 852 1385 937 originem

317 944 448 1008 duxisse
472 942 677 1029 grammatici
707 942 833 1028 antiqui
866 943 1058 1023 docuerunt,
1091 944 1255 1028 pertinere
1277 942 1385 1027 proxi-

317 1055 406 1096 mum
429 1056 448 1097 a
471 1056 550 1098 uero
574 1044 629 1098 est.
676 1030 772 1111 Quod
796 1030 876 1095 nihil
901 1032 974 1095 miri
999 1030 1120 1095 habere
1152 1029 1325 1114 concedes,
1359 1032 1416 1105 si⁵

317 1122 540 1187 Herodianum
557 1122 744 1208 graecitatis
768 1144 905 1197 normas,
931 1144 1010 1207 quas
1026 1121 1190 1207 Tyrannio
1206 1123 1385 1202 inuenerat,

317 1212 413 1275 simili
442 1212 537 1276 modo
567 1211 608 1275 ad
639 1209 903 1297 orthographiam
936 1210 1152 1275 definiendam
1184 1210 1386 1276 transtulisse

317 1301 438 1365 uideris
462 1301 514 1381 (of.
539 1300 719 1365 Usenerum
742 1299 762 1364 l.
787 1323 810 1365 s.
834 1322 866 1385 p.
891 1302 981 1379 623).

407 1390 570 1477 Deinceps
592 1390 799 1474 peruenimus
815 1389 857 1453 ad
873 1399 998 1473 partem
1014 1391 1271 1473 grammaticam,
1295 1388 1386 1453 cuius

319 1503 362 1544 ex
395 1479 543 1563 partibus
578 1479 696 1561 altera,
730 1501 814 1564 quae
849 1478 892 1542 ad
925 1477 1025 1542 libros
1059 1478 1201 1544 edendos
1236 1480 1386 1564 pertinet,

319 1569 502 1633 accuratius
542 1568 682 1632 describi
719 1578 834 1653 potest.
893 1567 1136 1632 Enumerantur
1174 1570 1261 1632 enim
1299 1567 1387 1652 apud
1485 1634 1490 1639 ,

319 1658 516 1721 Frontonem
540 1680 590 1743 ep.
607 1657 648 1721 ad
672 1680 731 1723 am.
749 1657 783 1721 H
804 1660 823 1721 2
849 1680 880 1742 p.
900 1659 963 1724 190
978 1657 1019 1726 N.
1043 1669 1075 1721 et
1091 1659 1178 1743 apud
1195 1658 1387 1723 Suetonium

321 1748 361 1811 de
388 1770 522 1832 gramm.
548 1769 576 1817 c.
601 1750 644 1812 24
668 1770 698 1831 p.
722 1748 785 1813 118
811 1747 849 1811 R.
875 1745 939 1810 illa'
958 1748 1034 1828 tria,
1064 1770 1147 1833 quae
1175 1746 1387 1831 grammatico

321 1837 453 1922 antiquo
466 1835 565 1901 libros
577 1836 685 1900 edenti
700 1835 850 1901 facienda
866 1846 958 1901 erant
975 1838 1161 1918 emendare,
1178 1836 1387 1921 distinguere,

321 1926 477 1990 adnotare
500 1927 520 1991 i.
544 1948 571 1989 e,
596 1926 761 2012 drop-lehn,
789 1926 1006 2006 διαστέλλειν,
1035 1931 1262 2015 σημειοῦσθαι.
1310 1923 1387 2004 Qui-

320 2015 381 2078 bus
397 2014 512 2101 quodsi
526 2014 652 2080 Usener
667 2014 686 2078 l.
703 2038 725 2079 s.
742 2038 764 2096 s.
782 2015 930 2079 codicum
947 2013 1163 2099 collationem,
1184 2036 1267 2101 quae
1282 2013 1389 2079 obiter

322 2128 341 2168 a
371 2103 526 2170 Suetonio
556 2113 837 2187 commemoratur,
867 2103 1051 2168 addendam
1082 2128 1152 2170 esse
1180 2104 1320 2190 putauit,
1351 2114 1387 2168 ut

321 2194 536 2279 Tyrannionis
559 2216 680 2279 genera
704 2202 855 2280 quattuor
877 2194 1095 2277 efficerentur,
1118 2196 1236 2259 iterum
1255 2192 1388 2279 egregio

323 2282 471 2368 exemplo
487 2284 644 2347 rationem
661 2284 824 2370 quandam
840 2284 924 2348 inter
939 2282 1067 2347 illarum
1084 2296 1170 2349 artes
1185 2283 1389 2348 intercedere

322 2372 538 2437 demonstrari
571 2372 650 2437 mihi
679 2375 818 2439 uidetur.
869 2371 979 2459 Atque
1012 2396 1085 2437 cunr
1118 2374 1235 2438 editori
1263 2381 1388 2437 textum

323 2484 406 2548 qv.
435 2460 647 2548 distinguenti
678 2462 849 2548 prosodiae
881 2485 1024 2549 quoque,
1058 2464 1085 2528 si
1115 2462 1210 2528 huius
1237 2460 1389 2528 uocabuli

324 2553 454 2616 Graeca
480 2552 714 2637 significatione
739 2555 787 2616 uti
811 2552 901 2634 licet,
930 2552 1101 2638 ponendae
1125 2562 1247 2634 essent,
1277 2575 1388 2616 earum

321 2642 529 2727 partitionem
561 2643 749 2707 tractationi
776 2641 871 2705 huius
899 2643 1001 2728 partis
1028 2643 1183 2707 insertam
1210 2665 1279 2706 esse
1307 2642 1389 2705 veri-

324 2731 427 2794 simile
462 2740 525 2814 est,
565 2732 627 2794 nisi
661 2754 732 2795 eam
766 2730 913 2796 inferiori
947 2733 1193 2815 grammaticae,
1229 2754 1312 2817 quae
1347 2731 1390 2795 ad

323 2819 494 2885 lectionem
512 2821 663 2905 pertinet,
679 2820 853 2906 adsignare
868 2823 980 2886 mauis.
1011 2821 1077 2886 Eas
1093 2823 1179 2886 enim
1192 2821 1235 2885 ad
1246 2822 1389 2905 spiritus,

324 2919 492 2992 accentus,
525 2921 670 2995 tempora
703 2910 904 2996 designanda
936 2911 1113 2976 destinatas
1145 2933 1214 2976 esse
1237 2933 1257 2974 a
1280 2909 1390 2992 Sexte,

325 3021 421 3084 quem
444 2999 590 3084 inprimis
613 2999 792 3064 doctrinam
807 2999 1057 3086 Asclepiadeam
1079 3023 1224 3064 seruasse
1239 3001 1391 3081 uidimus,

324 3093 343 3168 ξ
370 3089 432 3153 113
457 3111 488 3172 p.
506 3090 581 3166 624,
610 3091 707 3174 lOsq.
729 3090 883 3154 traditum
911 3098 968 3171 est,
994 3091 1047 3154 cui
1072 3091 1252 3155 testimonio
1272 3088 1391 3175 Uarro·

322 3177 372 3240 nis
403 3179 564 3241 sententia
594 3177 733 3262 accedit,
770 3200 880 3264 quem,
918 3201 992 3243 oum
1025 3179 1065 3243 de
1096 3202 1242 3244 sermone
1274 3179 1391 3241 Latino

324 3275 445 3350 ageret,
468 3266 507 3331 fr.
532 3269 575 3334 55
586 3267 640 3332 W.
672 3291 770 3333 uoces
793 3269 876 3332 sicut
899 3290 1035 3354 corpora
1056 3280 1121 3332 tres
1144 3269 1314 3333 distantias
1330 3268 1349 3331 i.
1362 3289 1391 3330 e.
1476 3304 1478 3307 v

324 3365 485 3441 tempora,
515 3367 683 3441 accentus,
713 3358 842 3443 spiritus
873 3357 994 3424 habere
1022 3357 1169 3423 docuisse
1196 3357 1325 3422 Usener
1334 3355 1355 3419 1.
1366 3379 1390 3421 s.

325 3467 356 3530 p.
371 3446 435 3512 603
459 3447 593 3511 monuit.

415 3533 521 3614 Quam
549 3535 719 3622 prosodiae
743 3537 993 3622 tripartitionem
1017 3538 1088 3622 quis
1111 3546 1186 3600 ante
1208 3535 1393 3601 Uarronem

326 3632 359 3688 et
388 3634 461 3708 post
483 3623 707 3708 Aristotelem,
740 3628 795 3712 qui
825 3626 886 3690 hoc
916 3625 1111 3690 uocabulum
1140 3627 1183 3690 ad
1205 3627 1337 3712 spiritus
1361 3633 1394 3688 et

325 3722 476 3778 accentus
513 3713 727 3799 designandos
752 3717 935 3801 usurpauit,
972 3716 1148 3798 inuenerit,
1182 3716 1247 3779 dici
1272 3714 1392 3799 nequit.

263 3867 266 3872 ,
326 3801 390 3866 Sed
404 3801 567 3867 Graecum
583 3805 745 3890 quendam
760 3826 832 3869 eam
848 3806 998 3869 statuisse
1011 3827 1083 3868 cum
1095 3803 1394 3868 Alexandrinorum

326 3901 433 3956 aetate
467 3901 536 3957 arte
568 3893 667 3959 libros
699 3893 817 3958 edendi
850 3907 946 3959 aucta
978 3905 1009 3958 et
1033 3893 1204 3958 emendata
1227 3892 1393 3979 prosodias

325 4051 388 4086 non
416 4039 489 4104 egit3
515 4054 585 4088 nam
613 4041 678 4090 eius
707 4031 866 4102 ποιητικοὺς
891 4030 1010 4107 τρί’πσσς
1036 4035 1074 4106 (p.
1093 4038 1118 4103 5,
1138 4038 1154 4090 5
1174 4036 1255 4106 Uhl.)
1276 4040 1356 4089 recte
1377 4052 1395 4086 e

327 4105 490 4159 scholiasta
513 4125 539 4176 p.
560 4109 605 4174 13,
627 4109 660 4161 19
685 4125 728 4178 sq.
753 4108 790 4162 H.
816 4110 981 4179 explicatos
1005 4126 1070 4163 esse
1096 4108 1246 4162 Steinthal
1264 4109 1282 4161 l.
1303 4126 1326 4161 s.
1345 4105 1391 4160 112

326 4194 353 4246 p.
374 4176 425 4228 182
444 4183 569 4231 monuit.
